% Created by Anthony Tropiano on 03/05/19

@comment{jabref-meta: selector_publisher:}
@comment{jabref-meta: selector_author:}
@comment{jabref-meta: selector_journal:}
@comment{jabref-meta: selector_keywords:}


@article{Anderson:2008mu,
      author         = "Anderson, E. and Bogner, S. K. and Furnstahl, R. J. and
                        Jurgenson, E. D. and Perry, R. J. and Schwenk, A.",
      title          = "{Block Diagonalization using SRG Flow Equations}",
      journal        = "Phys. Rev. C",
      volume         = "77",
      year           = "2008",
      pages          = "037001",
      doi            = "10.1103/PhysRevC.77.037001",
      eprint         = "0801.1098",
      archivePrefix  = "arXiv",
      primaryClass   = "nucl-th",
      SLACcitation   = "%%CITATION = ARXIV:0801.1098;%%"
}

@article{Anderson:2010aq,
      author         = "Anderson, E. R. and Bogner, S. K. and Furnstahl, R. J.
                        and Perry, R. J.",
      title          = "{Operator Evolution via the Similarity Renormalization
                        Group I: The Deuteron}",
      journal        = "Phys. Rev. C",
      volume         = "82",
      year           = "2010",
      pages          = "054001",
      doi            = "10.1103/PhysRevC.82.054001",
      eprint         = "1008.1569",
      archivePrefix  = "arXiv",
      primaryClass   = "nucl-th",
      SLACcitation   = "%%CITATION = ARXIV:1008.1569;%%"
}

@article{Blanes:2009ab,
      author = "Blanes, S. and Casas, F. and Oteo, J. A. and Ros, J.",
      title = "{The Magnus expansion and some of its applications}",
      journal = "Phys. Rep.",
      year = "2009",
      month = "Jan",
      volume = "470",
      pages = "151-238",
      doi = "10.1016/j.physrep.2008.11.001",
      archivePrefix = "arXiv",
      eprint = "0810.5488",
      primaryClass = "math-ph",
      SLACcitation   = "%%CITATION = ARXIV:0810.5488;%%"
}

@article{Bogner:2006vp,
      author         = "Bogner, S. K. and Furnstahl, R. J. and Ramanan, S. and
                        Schwenk, A.",
      title          = "{Low-momentum interactions with smooth cutoffs}",
      journal        = "Nucl. Phys. A",
      volume         = "784",
      year           = "2007",
      pages          = "79-103",
      doi            = "10.1016/j.nuclphysa.2006.11.123",
      eprint         = "nucl-th/0609003",
      archivePrefix  = "arXiv",
      primaryClass   = "nucl-th",
      SLACcitation   = "%%CITATION = NUCL-TH/0609003;%%"
}

@article{Bogner:2006pc,
      author         = "Bogner, S. K. and Furnstahl, R. J. and Perry, R. J.",
      title          = "{Similarity Renormalization Group for Nucleon-Nucleon
                        Interactions}",
      journal        = "Phys. Rev. C",
      volume         = "75",
      year           = "2007",
      pages          = "061001",
      doi            = "10.1103/PhysRevC.75.061001",
      eprint         = "nucl-th/0611045",
      archivePrefix  = "arXiv",
      primaryClass   = "nucl-th",
      SLACcitation   = "%%CITATION = NUCL-TH/0611045;%%"
}

@article{Bogner:2009bt,
      author         = "Bogner, S. K. and Furnstahl, R. J. and Schwenk, A.",
      title          = "{From low-momentum interactions to nuclear structure}",
      journal        = "Prog. Part. Nucl. Phys.",
      volume         = "65",
      year           = "2010",
      pages          = "94-147",
      doi            = "10.1016/j.ppnp.2010.03.001",
      eprint         = "0912.3688",
      archivePrefix  = "arXiv",
      primaryClass   = "nucl-th",
      SLACcitation   = "%%CITATION = ARXIV:0912.3688;%%"
}

@article{Dainton:2013axa,
      author         = "Dainton, B. and Furnstahl, R. J. and Perry, R. J.",
      title          = "{Universality in Similarity Renormalization Group Evolved
                        Potential Matrix Elements and T-Matrix Equivalence}",
      journal        = "Phys. Rev. C",
      volume         = "89",
      year           = "2014",
      number         = "1",
      pages          = "014001",
      doi            = "10.1103/PhysRevC.89.014001",
      eprint         = "1310.6690",
      archivePrefix  = "arXiv",
      primaryClass   = "nucl-th",
      SLACcitation   = "%%CITATION = ARXIV:1310.6690;%%"
}

@article{Entem:2003ft,
      author         = "Entem, D. R. and Machleidt, R.",
      title          = "{Accurate charge dependent nucleon nucleon potential at
                        fourth order of chiral perturbation theory}",
      journal        = "Phys. Rev. C",
      volume         = "68",
      year           = "2003",
      pages          = "041001",
      doi            = "10.1103/PhysRevC.68.041001",
      eprint         = "nucl-th/0304018",
      archivePrefix  = "arXiv",
      primaryClass   = "nucl-th",
      SLACcitation   = "%%CITATION = NUCL-TH/0304018;%%"
}

@article{Epelbaum:2004fk,
      author         = "Epelbaum, E. and Glockle, W. and Meissner, Ulf-G.",
      title          = "{The Two-nucleon system at
                        next-to-next-to-next-to-leading order}",
      journal        = "Nucl. Phys. A",
      volume         = "747",
      year           = "2005",
      pages          = "362-424",
      doi            = "10.1016/j.nuclphysa.2004.09.107",
      eprint         = "nucl-th/0405048",
      archivePrefix  = "arXiv",
      primaryClass   = "nucl-th",
      reportNumber   = "JLAB-THY-04-228, HISKP-TH-04-07, FZJ-IKP-TH-2004-04,
                        HISKP(TH)-04-07",
      SLACcitation   = "%%CITATION = NUCL-TH/0405048;%%"
}

@article{Epelbaum:2008ga,
      author         = "Epelbaum, Evgeny and Hammer, Hans-Werner and Meissner,
                        Ulf-G.",
      title          = "{Modern Theory of Nuclear Forces}",
      journal        = "Rev. Mod. Phys.",
      volume         = "81",
      year           = "2009",
      pages          = "1773-1825",
      doi            = "10.1103/RevModPhys.81.1773",
      eprint         = "0811.1338",
      archivePrefix  = "arXiv",
      primaryClass   = "nucl-th",
      reportNumber   = "HISKP-TH-08-18, FZJ-IKP-TH-2008-20",
      SLACcitation   = "%%CITATION = ARXIV:0811.1338;%%"
}

@article{Epelbaum:2014efa,
      author         = "Epelbaum, E. and Krebs, H. and Meiﬂner, U. G.",
      title          = "{Improved chiral nucleon-nucleon potential up to
                        next-to-next-to-next-to-leading order}",
      journal        = "Eur. Phys. J. A",
      volume         = "51",
      year           = "2015",
      number         = "5",
      pages          = "53",
      doi            = "10.1140/epja/i2015-15053-8",
      eprint         = "1412.0142",
      archivePrefix  = "arXiv",
      primaryClass   = "nucl-th",
      SLACcitation   = "%%CITATION = ARXIV:1412.0142;%%"
}
      
@article{Epelbaum:2014sza,
      author         = "Epelbaum, E. and Krebs, H. and Meiﬂner, U. G.",
      title          = "{Precision nucleon-nucleon potential at fifth order in
                        the chiral expansion}",
      journal        = "Phys. Rev. Lett.",
      volume         = "115",
      year           = "2015",
      number         = "12",
      pages          = "122301",
      doi            = "10.1103/PhysRevLett.115.122301",
      eprint         = "1412.4623",
      archivePrefix  = "arXiv",
      primaryClass   = "nucl-th",
      SLACcitation   = "%%CITATION = ARXIV:1412.4623;%%"
}

@article{Glazek:2008pg,
      author         = "Glazek, Stanislaw D. and Perry, Robert J.",
      title          = "{The impact of bound states on similarity renormalization
                        group transformations}",
      journal        = "Phys. Rev. D",
      volume         = "78",
      year           = "2008",
      pages          = "045011",
      doi            = "10.1103/PhysRevD.78.045011",
      eprint         = "0803.2911",
      archivePrefix  = "arXiv",
      primaryClass   = "nucl-th",
      reportNumber   = "IFT-04-08",
      SLACcitation   = "%%CITATION = ARXIV:0803.2911;%%"
}

@article{Gysbers:2019uyb,
      author         = "Gysbers, P. and others",
      title          = "{Discrepancy between experimental and theoretical
                        $\beta$-decay rates resolved from first principles}",
      journal        = "Nature Physics",
      year           = "2019",
      doi            = "10.1038/s41567-019-0450-7",
      eprint         = "1903.00047",
      archivePrefix  = "arXiv",
      primaryClass   = "nucl-th",
      SLACcitation   = "%%CITATION = ARXIV:1903.00047;%%"
}

@article{Hergert:2009na,
      author         = "Hergert, H. and Roth, R.",
      title          = "{Treatment of the Intrinsic Hamiltonian in
                        Particle-Number Nonconserving Theories}",
      journal        = "Phys. Lett. B",
      volume         = "682",
      year           = "2009",
      pages          = "27-32",
      doi            = "10.1016/j.physletb.2009.10.100",
      eprint         = "0908.1334",
      archivePrefix  = "arXiv",
      primaryClass   = "nucl-th",
      reportNumber   = "INT-PUB-09-040",
      SLACcitation   = "%%CITATION = ARXIV:0908.1334;%%"
}

@article{Hebeler:2010xb,
      author         = "Hebeler, K. and Bogner, S. K. and Furnstahl, R. J. and
                        Nogga, A. and Schwenk, A.",
      title          = "{Improved nuclear matter calculations from chiral
                        low-momentum interactions}",
      journal        = "Phys. Rev. C",
      volume         = "83",
      year           = "2011",
      pages          = "031301",
      doi            = "10.1103/PhysRevC.83.031301",
      eprint         = "1012.3381",
      archivePrefix  = "arXiv",
      primaryClass   = "nucl-th",
      SLACcitation   = "%%CITATION = ARXIV:1012.3381;%%"
}

@article{Hergert:2015awm,
      author         = "Hergert, H. and Bogner, S. K. and Morris, T. D. and
                        Schwenk, A. and Tsukiyama, K.",
      title          = "{The In-Medium Similarity Renormalization Group: A Novel
                        Ab Initio Method for Nuclei}",
      journal        = "Phys. Rept.",
      volume         = "621",
      year           = "2016",
      pages          = "165-222",
      doi            = "10.1016/j.physrep.2015.12.007",
      eprint         = "1512.06956",
      archivePrefix  = "arXiv",
      primaryClass   = "nucl-th",
      SLACcitation   = "%%CITATION = ARXIV:1512.06956;%%"
}

@article{Hergert:2016etg,
      author         = "Hergert, H.",
      title          = "{In-Medium Similarity Renormalization Group for Closed
                         and Open-Shell Nuclei}",
      journal        = "Phys. Scripta",
      volume         = "92",
      year           = "2017",
      number         = "2",
      pages          = "023002",
      doi            = "10.1088/1402-4896/92/2/023002",
      eprint         = "1607.06882",
      archivePrefix  = "arXiv",
      primaryClass   = "nucl-th",
      SLACcitation   = "%%CITATION = ARXIV:1607.06882;%%"
}

@article{Hergert:2016iju,
      author         = "Hergert, Heiko and Bogner, Scott K. and Lietz, Justin G.
                        and Morris, Titus D. and Novario, Samuel and Parzuchowski,
                        Nathan M. and Yuan, Fei",
      title          = "{In-Medium Similarity Renormalization Group Approach to
                        the Nuclear Many-Body Problem}",
      journal        = "Lect. Notes Phys.",
      volume         = "936",
      year           = "2017",
      pages          = "477-570",
      doi            = "10.1007/978-3-319-53336-0_10",
      eprint         = "1612.08315",
      archivePrefix  = "arXiv",
      primaryClass   = "nucl-th",
      SLACcitation   = "%%CITATION = ARXIV:1612.08315;%%"
}

@article{Jurgenson:2007td,
      author         = "Jurgenson, E. D. and Bogner, S. K. and Furnstahl, R. J.
                        and Perry, R. J.",
      title          = "{Decoupling in the Similarity Renormalization Group for
                        Nucleon-Nucleon Forces}",
      journal        = "Phys. Rev. C",
      volume         = "78",
      year           = "2008",
      pages          = "014003",
      doi            = "10.1103/PhysRevC.78.014003",
      eprint         = "0711.4252",
      archivePrefix  = "arXiv",
      primaryClass   = "nucl-th",
      SLACcitation   = "%%CITATION = ARXIV:0711.4252;%%"
}

@article{Jurgenson:2009qs,
      author         = "Jurgenson, E. D. and Navratil, P. and Furnstahl, R. J.",
      title          = "{Evolution of Nuclear Many-Body Forces with the
                        Similarity Renormalization Group}",
      journal        = "Phys. Rev. Lett.",
      volume         = "103",
      year           = "2009",
      pages          = "082501",
      doi            = "10.1103/PhysRevLett.103.082501",
      eprint         = "0905.1873",
      archivePrefix  = "arXiv",
      primaryClass   = "nucl-th",
      reportNumber   = "LLNL-JRNL-412933",
      SLACcitation   = "%%CITATION = ARXIV:0905.1873;%%"
}

@article{Jurgenson:2008jp,
      author         = "Jurgenson, E. D. and Furnstahl, R. J.",
      title          = "{Similarity Renormalization Group Evolution of Many-Body
                        Forces in a One-Dimensional Model}",
      journal        = "Nucl. Phys. A",
      volume         = "818",
      year           = "2009",
      pages          = "152-173",
      doi            = "10.1016/j.nuclphysa.2008.12.007",
      eprint         = "0809.4199",
      archivePrefix  = "arXiv",
      primaryClass   = "nucl-th",
      SLACcitation   = "%%CITATION = ARXIV:0809.4199;%%"
}

@article{Magnus:1954zz,
      author         = "Magnus, Wilhelm",
      title          = "{On the exponential solution of differential equations
                        for a linear operator}",
      journal        = "Commun. Pure Appl. Math.",
      volume         = "7",
      year           = "1954",
      pages          = "649-673",
      doi            = "10.1002/cpa.3160070404",
      SLACcitation   = "%%CITATION = CPAMA,7,649;%%"
}

@article{Morris:2015yna,
      author         = "Morris, T. D. and Parzuchowski, N. and Bogner, S. K.",
      title          = "{Magnus expansion and in-medium similarity
                        renormalization group}",
      journal        = "Phys. Rev. C",
      volume         = "92",
      year           = "2015",
      number         = "3",
      pages          = "034331",
      doi            = "10.1103/PhysRevC.92.034331",
      eprint         = "1507.06725",
      archivePrefix  = "arXiv",
      primaryClass   = "nucl-th",
      SLACcitation   = "%%CITATION = ARXIV:1507.06725;%%"
}

@article{Nazarewicz:2016gyu,
      author         = "Nazarewicz, Witold",
      title          = "{Challenges in Nuclear Structure Theory}",
      journal        = "J. Phys. G",
      volume         = "43",
      year           = "2016",
      number         = "4",
      pages          = "044002",
      doi            = "10.1088/0954-3899/43/4/044002",
      eprint         = "1603.02490",
      archivePrefix  = "arXiv",
      primaryClass   = "nucl-th",
      SLACcitation   = "%%CITATION = ARXIV:1603.02490;%%"
}

@article{Nogga:2005hy,
      author         = "Nogga, A. and Timmermans, R. G. E. and van Kolck, U.",
      title          = "{Renormalization of one-pion exchange and power
                        counting}",
      journal        = "Phys. Rev. C",
      volume         = "72",
      year           = "2005",
      pages          = "054006",
      doi            = "10.1103/PhysRevC.72.054006",
      eprint         = "nucl-th/0506005",
      archivePrefix  = "arXiv",
      primaryClass   = "nucl-th",
      reportNumber   = "FZJ-IKP-TH-2005-19",
      SLACcitation   = "%%CITATION = NUCL-TH/0506005;%%"
}

@article{Parzuchowski:2017wcq,
      author         = "Parzuchowski, N. M. and Stroberg, S. R. and Navr·til, P.
                        and Hergert, H. and Bogner, S. K.",
      title          = "{Ab initio electromagnetic observables with the in-medium
                        similarity renormalization group}",
      journal        = "Phys. Rev. C",
      volume         = "96",
      year           = "2017",
      number         = "3",
      pages          = "034324",
      doi            = "10.1103/PhysRevC.96.034324",
      eprint         = "1705.05511",
      archivePrefix  = "arXiv",
      primaryClass   = "nucl-th",
      SLACcitation   = "%%CITATION = ARXIV:1705.05511;%%"
}

@article{Reinert:2017usi,
      author         = "Reinert, P. and Krebs, H. and Epelbaum, E.",
      title          = "{Semilocal momentum-space regularized chiral two-nucleon
                        potentials up to fifth order}",
      journal        = "Eur. Phys. J. A",
      volume         = "54",
      year           = "2018",
      number         = "5",
      pages          = "86",
      doi            = "10.1140/epja/i2018-12516-4",
      eprint         = "1711.08821",
      archivePrefix  = "arXiv",
      primaryClass   = "nucl-th",
      SLACcitation   = "%%CITATION = ARXIV:1711.08821;%%"
}

@article{Tews:2018sbi,
      author         = "Tews, I. and Huth, L. and Schwenk, A.",
      title          = "{Large-cutoff behavior of local chiral effective field
                        theory interactions}",
      journal        = "Phys. Rev. C",
      volume         = "98",
      year           = "2018",
      number         = "2",
      pages          = "024001",
      doi            = "10.1103/PhysRevC.98.024001",
      eprint         = "1806.00233",
      archivePrefix  = "arXiv",
      primaryClass   = "nucl-th",
      reportNumber   = "INT-PUB-18-030",
      SLACcitation   = "%%CITATION = ARXIV:1806.00233;%%"
}

@article{Timoteo:2011tt,
      author         = "Timoteo, V. S. and Szpigel, S. and Ruiz Arriola, E.",
      title          = "{Symmetries of the Similarity Renormalization Group for
                        Nuclear Forces}",
      journal        = "Phys. Rev. C",
      volume         = "86",
      year           = "2012",
      pages          = "034002",
      doi            = "10.1103/PhysRevC.86.034002",
      eprint         = "1108.1162",
      archivePrefix  = "arXiv",
      primaryClass   = "nucl-th",
      SLACcitation   = "%%CITATION = ARXIV:1108.1162;%%"
}

@article{Wegner:1994ab,
	author = "Wegner, Franz",
	title = "{Flow-equations for Hamiltonians}",
	journal = "Annalen der Physik",
	volume = "506",
	number = "2",
	pages = "77-91",
	year = "1994",
	doi = "10.1002/andp.19945060203",
	url = "https://onlinelibrary.wiley.com/doi/abs/10.1002/andp.19945060203",
}

@article{Wegner:2001ab,
	author = "Wegner, Franz",
	title = "{Flow equations for Hamiltonians}",
	journal = "Physics Reports",
	volume = "348",
	number = "1",
	pages = "77 - 89",
	year = "2001",
	issn = "0370-1573",
	doi = "https://doi.org/10.1016/S0370-1573(00)00136-8",
	url = "http://www.sciencedirect.com/science/article/pii/S0370157300001368",
}

@article{Wendt:2011qj,
    author         = "Wendt, K. A. and Furnstahl, R. J. and Perry, R. J.",
    title          = "{Decoupling of Spurious Deep Bound States with the
    Similarity Renormalization Group}",
    journal        = "Phys. Rev. C",
    volume         = "83",
    year           = "2011",
    pages          = "034005",
    doi            = "10.1103/PhysRevC.83.034005",
    eprint         = "1101.2690",
    archivePrefix  = "arXiv",
    primaryClass   = "nucl-th",
    SLACcitation   = "%%CITATION = ARXIV:1101.2690;%%"
}

@comment{BibDesk Static Groups{
<?xml version="1.0" encoding="UTF-8"?>
<!DOCTYPE plist PUBLIC "-//Apple//DTD PLIST 1.0//EN" "http://www.apple.com/DTDs/PropertyList-1.0.dtd">
<plist version="1.0">
<array>
	<dict>
		<key>group name</key>
		<string>Ca &amp; Ni experiments</string>
		<key>keys</key>
		<string>Perru:2006dq,Aoi:2010cr,Recchia:2013kx,Zhu:2012tg,Gade:2014fk,Mueller:2000uq,Chiara:2012ys,Otsuka:2001bh,Suchyta:2014vn,Tsunoda:2014ve,Broda:2012zr,Mazzocchi:2005nx,Hakala:2008ij</string>
	</dict>
	<dict>
		<key>group name</key>
		<string>Chemistry Scattering</string>
		<key>keys</key>
		<string>Hoffman:1994uq,Kouri:1994kx,Kouri:1994vn,Huang:1996fk</string>
	</dict>
	<dict>
		<key>group name</key>
		<string>CoM Problem</string>
		<key>keys</key>
		<string>Tohyama:2004ys,Janis:2003ys,Bonitz:2007vn,Maecki:1975ys,Lipkin:1958kl,Baym:1962kx,Gartenhaus:1957fk,Bes:2001uq,Dobson:1994zr,Ernst:1973ve,Palumbo:1971bh</string>
	</dict>
	<dict>
		<key>group name</key>
		<string>DoE Proposal</string>
		<key>keys</key>
		<string>Jansen:2014qf,Benedikt:2013ez,Lahde:2014vn,Binder:2014fk,Majorovits:2015gd,Parrish:2013fe,Biller:2015bq,Epelbaum:2014kx,Cascella:2015pf,Furnstahl:2015sp,Binder:2015wd,Hagen:2010uq,Li:2015nq,Brown:2010xr,Hohenstein:2013qo,Wienholtz:2013bh,Benedikt:2011wj,Hartmann:2004fu,Rossi:2015yq,Jansen:2015pl,Ring:1980bb,Mumpower:2015fk,Patel:2012ff,Varshalovich:1988nj,Carlsson:2015fk,Rowe:1968eq,Hebeler:2011dq,Epelbaum:2009ve,Kreim:2014cr,Avogadro:2013xr,Chakraborty:2013dn,Cipollone:2013uq,Senkov:2013qa,Roth:2012qf,Entem:2015hl,Bogner:2014tg,Epelbaum:2015fb,Hergert:2013mi,Otsuka:2010cr,Caceres:2015fk,Evangelista:2014rq,Wang:2012uq,Hagen:2015ve,Taube:2008kx,Hebeler:2010bh,Paar:2006zf,Jansen:2013zr,Soma:2013ys,Hanauer:2011bh,Piecuch:2005dp,Berggren:1968hb,Griesshammer:2015dp,Savage:2015ai,Guenther:2010ge,Stroberg:2015qr,Gezerlis:2014zr,Erler:2012dz,Hebeler:2015qr,Hergert:2009zn,Li:2007fj,Hergert:2007ow,Roth:2011kx,Kolda:2009vf,Halko:2011cl,Carpenter:2013tp,Hohenstein:2012ez,Dikmen:2015fk,Signoracci:2015mz,Binder:2013zr,Twelker:2015mw,Vignati:2015qm,Machleidt:2011bh,Epelbaum:2012fv,Roth:2005kk,Tsunoda:2014fk,Roth:2006lr,Benedikt:2013by,Datta:2011cr,Papakonstantinou:2014ys,Roth:2004fj,Freedman:2013fr,Daniels:2015kx,Bogner:2015kx,Dickhoff:2004fk,Hergert:2015qd,Shavitt:2009,Edmonds:1957qt,Piekarewicz:2007dt,Tenconi:2015rp,Tsunoda:2014ve,Ekstrom:2013uq,Hagen:2014ve,Chiara:2015lt,Tsukiyama:2011uq,Hergert:2009wh,Liddick:2011mj,Entem:2015qf,Hergert:2014vn,Hagen:2012oq,Morris:2015ve,Reinhard:1999vy,Duguet:2015ye,Gallant:2012kx,Hohenstein:2012xq,Papakonstantinou:2012uq,Parrish:2014bq,Stoitsov:2010vn,Chiara:2012ys,Papakonstantinou:2015rp,Soma:2011vn,Blanes:2009fk,Peters:2013pq,Hergert:2013ij,Jurgenson:2009bs,Derya:2014fk,Colo:2014le,Hebeler:2012ly,Parrish:2013qq,Silva:2008oe,Mei:2012me,Li:2010jj,Hjorth-Jensen:1995ys,Weinberg:1996bb,Suchyta:2014vn,Bogner:2010pq,Lisetskiy:2008fk,Soma:2014fu,Holt:2014vn,Magnus:1954xy,Heyde:2011fx,Soma:2014eu,Michel:2009oz,Geesaman:2015bs,Hernando:2015gu,Suhonen:2007wo,Kortelainen:2014ez,Bender:2009lp,Ekstrom:2015fk,Blazkiewicz:2005vp,Hagen:2013fk,Haxton:1984kl,Evangelista:2011dq,Hergert:2011kx,Gruszko:2015nh,Sieja:2009ik,Parrish:2012os,Brown:2006fk,Umehara:2015zk,Lynn:2015eu,Hagen:2012nx</string>
	</dict>
	<dict>
		<key>group name</key>
		<string>Focus: Open Issues in Nuclear Reaction Theory</string>
		<key>keys</key>
		<string>Boselli:2014ve,Capel:2014bh,Fonseca:2014dq,Johnson:2014cr,Simenel:2014oq,Timofeyuk:2014kl,Witala:2014ij,Carlson:2014qf,Polyzou:2014nx,Thompson:2014tg,Weidenmuller:2014hc</string>
	</dict>
	<dict>
		<key>group name</key>
		<string>IM-SRG Physics Report</string>
		<key>keys</key>
		<string>Caurier:2005qf,Otsuka:2010cr,Peierls:1973fk,Holt:2005mi,Ring:1980bb,Furnstahl:2014vn,Wendt:2015zl,Hjorth-Jensen:1995ys,Holt:2014vn,Robledo:1994qf,Lahde:2014vn,Anderson:2010br,Bogner:2006qf,Entem:2003th,Peskin:1997az,Roth:2010ys,Hebeler:2012ly,Bartlett:1981zr,Navratil:2000hf,Kolling:2011bh,Kutzelnigg:1997fk,Soma:2014fu,Duguet:2015lq,Bogner:2010pq,Duguet:2012ys,Jurgenson:2013fk,Otsuka:2013vn,Entem:2015hl,Hergert:2013mi,Paar:2006zf,Song:2009ys,Lacroix:2012vn,Coester:1958dq,Soma:2014eu,Bender:2009rv,Gandolfi:2014rt,White:2002fk,Stetcu:2005qh,Piarulli:2013vn,Backman:1985xy,Hupin:2013uq,Rowe:1968eq,Pastore:2013nx,Roth:2012qf,Holt:2012fk,Roth:2009oh,Barrett:2013oq,Hergert:2009wh,Soma:2013ys,Duguet:2009ph,Langhammer:2012uq,Jansen:2014qf,Kamuntavicius:2001kr,Thouless:1960fk,Kuo:1967qf,Lacroix:2009aj,Binder:2014fk,More:2013bh,Epelbaum:2015fb,Pastore:2011dq,Shavitt:2009,Machleidt:2011bh,Hergert:2013ij,Baranger:1970bh,Binder:2013zr,Bogner:2007kt,Gloeckner:1974gb,Guenther:2010ge,Jurgenson:2009bs,Entem:2015qf,Bethe:1956zz,Hagen:2009fk,Kolling:2009yq,Kehrein:2006kx,Furnstahl:2012ys,Beringer:2012fk,Roth:2006lr,Weinberg:1996uf,Blanes:2009fk,Suhonen:2007wo,Carlson:2015lq,Stroberg:2015qr,Angeli:2004ts,Holt:2013cr,Ramanan:2007vn,Madrid:2005rt,Roth:2011kx,Brueckner:1955rw,Navratil:2007ve,Hagen:2012nx,Wienholtz:2013bh,Binder:2013fk,Cipollone:2013uq,Dobaczewski:2007hh,Yanai:2006uq,Coester:1960cr,Hagen:2010uq,Kolling:2012cr,Wang:2012uq,Taube:2008vn,Kamuntavicius:1997fk,Kuo:1990zr,Piarulli:2015rm,Sheikh:2000xx,Rozpedzik:2011qf,Rowe:1980vn,Tsukiyama:2011uq,Kuo:1981fk,Kuo:1966ij,Day:1967zl,Barbieri:2007fk,Carlsson:2015fk,Hebeler:2011dq,Bogner:2007od,Ekstrom:2015fk,Soma:2011vn,Evangelista:2012uq,Pastore:2008uq,Wegner:1994dk,Jansen:2015pl,Pastore:2009zr,Shepherd:2012hl,Dickhoff:2004fk,Orlandini:2011kl,Mukherjee:1997yg,Taube:2008kx,Zinn-Justin:2007kx,Epelbaum:2009ve,Holt:2013fk,Hagen:2014ve,Hergert:2014vn,Bogner:2014tg,Hagen:2012oq,Brown:2001rg,Holt:2013hc,Dikmen:2015fk,Anderson:2008hx,Brown:2010xr,Goldstone:1957zz,Hergert:2015qd,Duguet:2015ye,Fetter:2003ve,Morris:2015ve,Moshinsky:1959cp,Egido:1982sd,Furnstahl:2013zt,Hindmarsh:2005kl,Schuster:2014oq,Epelbaum:2014kx,Magnus:1954xy,Brandow:1967tg,Negele:1998ve,Glazek:1993il,Tsukiyama:2012fk,Roth:2014fk,Flocard:1997fx,Gazit:2009qf,Tobocman:1981uq</string>
	</dict>
	<dict>
		<key>group name</key>
		<string>Infinite Matter</string>
		<key>keys</key>
		<string>Than:2011kx,Sveshnikov:2013vn</string>
	</dict>
	<dict>
		<key>group name</key>
		<string>Interesting Computational Stuff</string>
		<key>keys</key>
		<string>Tamascelli:2015fk,Pederson:2015rt,Parrish:2013fe,McClean:2014ca,Szalay:2014ta,Casalino:2015ql,Briggs:2015fj,Belov:2015hz</string>
	</dict>
	<dict>
		<key>group name</key>
		<string>Isospectral Flow</string>
		<key>keys</key>
		<string>Chu:1995ys,Dirr:2008uq,Calvo:1997uq,Blanes:2009fk,Bach:2010zr,Chu:1994vn,Casas:2012kx,Calvo:1996fk,Casas:2004uq,Adams:1988vn,Brockett:1991kx,Adams:1990kx,Dieci:1994kx</string>
	</dict>
	<dict>
		<key>group name</key>
		<string>Reference Data</string>
		<key>keys</key>
		<string>Lepretre:1981uq,Isakov:2002bn,Vries:1987vo,Wright:1985vn,Audi:2002af,Dietrich:1988dq,Kibedi:2005tg,Raman:2001ve,Angeli:2004ts,Loveman:1987bh,Delaroche:2010nx,Stone:2005qf,Isakov:2004fk</string>
	</dict>
	<dict>
		<key>group name</key>
		<string>RPA extensions, Gambacurta/Catara/Grasso</string>
		<key>keys</key>
		<string>Gambacurta:2010uq,Gambacurta:2011vn,Gambacurta:2009fk,Gambacurta:2010zr</string>
	</dict>
	<dict>
		<key>group name</key>
		<string>RPAs</string>
		<key>keys</key>
		<string>Paar:2007ss,Paar:2004df,Papakonstantinou:2010oq,Paar:2003tr,Papakonstantinou:2007lu,Paar:2006zf,Barbieri:2006vq,Papakonstantinou:2009nx,Papakonstantinou:2011cr,Paar:2003ds,Garg:2007sj</string>
	</dict>
	<dict>
		<key>group name</key>
		<string>TALENT: Nuclear Forces</string>
		<key>keys</key>
		<string>Lepage:1989hf,Duff:2002dq,Morrison:2007cr,Holstein:2004hc,Machleidt:2010ys,Weinberg:1983bs,Weinberg:2009bg,Beane:2000fx,Furnstahl:2010ly,Kronfeld:2010oq,Furnstahl:2012fk,Hartmann:2001bh,Furnstahl:2010zr,Hjorth-Jensen:2010qf,Olness:2011nx,Holstein:1999tg,Zee:2010fv,Stetcu:2010ve,Kaplan:2005uq,Ecker:2006xd,Epelbaum:2010nr,Landau:2004lh,Delamotte:2004ij,Bhaduri:2011kl</string>
	</dict>
	<dict>
		<key>group name</key>
		<string>Teaching</string>
		<key>keys</key>
		<string>Araujo:2004dq,Bonneau:2001zr,Muller:2002lq,Vos:2002hb,Gieres:2000fv</string>
	</dict>
	<dict>
		<key>group name</key>
		<string>Tensor Hypercontraction</string>
		<key>keys</key>
		<string>Parrish:2014bq,Parrish:2012os,Parrish:2013fe,Hohenstein:2012ez,Parrish:2013jl,Hohenstein:2012xq,Hohenstein:2013qo</string>
	</dict>
	<dict>
		<key>group name</key>
		<string>Thouless</string>
		<key>keys</key>
		<string>Rowe:1980vn,Rosensteel:1981ys,Maranon:1987ys,Rosensteel:1998zr,Panin:2007ly,Rowe:1983vn,Wouters:2013kx</string>
	</dict>
	<dict>
		<key>group name</key>
		<string>TRK enhancement</string>
		<key>keys</key>
		<string>Carrasco:1992vn,Traini:1987kx,Pearson:2001fk,Weinberg:1983bs</string>
	</dict>
	<dict>
		<key>group name</key>
		<string>Unitary Gas</string>
		<key>keys</key>
		<string>Morawetz:2010jl,Enss:2011uq,Domanski:2011vn</string>
	</dict>
</array>
</plist>
}}

@comment{BibDesk Smart Groups{
<?xml version="1.0" encoding="UTF-8"?>
<!DOCTYPE plist PUBLIC "-//Apple//DTD PLIST 1.0//EN" "http://www.apple.com/DTDs/PropertyList-1.0.dtd">
<plist version="1.0">
<array>
	<dict>
		<key>conditions</key>
		<array>
			<dict>
				<key>comparison</key>
				<integer>2</integer>
				<key>key</key>
				<string>BibTeX Type</string>
				<key>value</key>
				<string>book</string>
				<key>version</key>
				<string>1</string>
			</dict>
		</array>
		<key>conjunction</key>
		<integer>0</integer>
		<key>group name</key>
		<string>book</string>
	</dict>
	<dict>
		<key>conditions</key>
		<array>
			<dict>
				<key>comparison</key>
				<integer>8</integer>
				<key>key</key>
				<string>Date-Added</string>
				<key>value</key>
				<string>2015-11-16 00:00:00 -0500</string>
				<key>version</key>
				<string>1</string>
			</dict>
		</array>
		<key>conjunction</key>
		<integer>0</integer>
		<key>group name</key>
		<string>Smart Group</string>
	</dict>
</array>
</plist>
}}
