% Created by Anthony Tropiano on 03/05/19

@comment{jabref-meta: selector_publisher:}
@comment{jabref-meta: selector_author:}
@comment{jabref-meta: selector_journal:}
@comment{jabref-meta: selector_keywords:}



@article{Tropiano:2021qgf,
    author = "Tropiano, A. J. and Bogner, S. K. and Furnstahl, R. J.",
    title = "{Short-range correlation physics at low renormalization group resolution}",
    eprint = "2105.13936",
    archivePrefix = "arXiv",
    primaryClass = "nucl-th",
    doi = "10.1103/PhysRevC.104.034311",
    journal = "Phys. Rev. C",
    volume = "104",
    number = "3",
    pages = "034311",
    year = "2021"
}


@article{Bogner:2007qb,
    author = "Bogner, S. K. and Furnstahl, R. J. and Perry, R. J.",
    title = "{Three-Body Forces Produced by a Similarity Renormalization Group Transformation in a Simple Model}",
    eprint = "0708.1602",
    archivePrefix = "arXiv",
    primaryClass = "nucl-th",
    doi = "10.1016/j.aop.2007.09.001",
    journal = "Annals Phys.",
    volume = "323",
    pages = "1478--1501",
    year = "2008"
}


@article{Decharge:1979fa,
    author = "Decharge, J. and Gogny, D.",
    title = "{Hartree-Fock-Bogolyubov calculations with the D1 effective interactions on spherical nuclei}",
    doi = "10.1103/PhysRevC.21.1568",
    journal = "Phys. Rev. C",
    volume = "21",
    pages = "1568--1593",
    year = "1980"
}

@article{Chabanat:1997un,
    author = "Chabanat, E. and Bonche, P. and Haensel, P. and Meyer, J. and Schaeffer, R.",
    title = "{A Skyrme parametrization from subnuclear to neutron star densities. 2. Nuclei far from stablities}",
    doi = "10.1016/S0375-9474(98)00180-8",
    journal = "Nucl. Phys. A",
    volume = "635",
    pages = "231--256",
    year = "1998",
    note = "[Erratum: Nucl.Phys.A 643, 441--441 (1998)]"
}

@article{Wylie:2021uot,
    author = "Wylie, J. and Oko\l{}owicz, J. and Nazarewicz, W. and P\l{}oszajczak, M. and Wang, S. M. and Mao, X. and Michel, N.",
    title = "{Spectroscopic factors in dripline nuclei}",
    eprint = "2107.12160",
    archivePrefix = "arXiv",
    primaryClass = "nucl-th",
    month = "7",
    year = "2021"
}

@article{Alvioli:2016wwp,
    author = "Alvioli, Massimiliano and Ciofi degli Atti, Claudio and Morita, Hiko",
    title = "{Universality of nucleon-nucleon short-range correlations: the factorization property of the nuclear wave function, the relative and center-of-mass momentum distributions, and the nuclear contacts}",
    eprint = "1607.04103",
    archivePrefix = "arXiv",
    primaryClass = "nucl-th",
    doi = "10.1103/PhysRevC.94.044309",
    journal = "Phys. Rev. C",
    volume = "94",
    number = "4",
    pages = "044309",
    year = "2016"
}

@article{Tan2008contact1,
  title={Energetics of a strongly correlated Fermi gas},
  author={Tan, Shina},
  journal={Annals of Physics},
  volume={323},
  number={12},
  pages={2952--2970},
  year={2008},
  publisher={Elsevier}
}

@article{Tan2008contact2,
  title={Large momentum part of a strongly correlated Fermi gas},
  author={Tan, Shina},
  journal={Annals of Physics},
  volume={323},
  number={12},
  pages={2971--2986},
  year={2008},
  publisher={Elsevier}
}


@book{Heyde:2004zz,
	Address = {Boca Raton},
	Publisher = {CRC Press},
	Author = {Heyde, Kris},
	Slaccitation = {%%CITATION = INSPIRE-673833;%%},
	Title = {{Basic Ideas and Concepts in Nuclear Physics: An Introductory Approach}},
	Year = {2004}}


@article{Carlson:1983kq,
    author = "Carlson, J. and Pandharipande, V. R. and Wiringa, Robert B.",
    title = "{Three-nucleon interaction in 3-body, 4-body, and infinite-body systems}",
    doi = "10.1016/0375-9474(83)90336-6",
    journal = "Nucl. Phys. A",
    volume = "401",
    pages = "59--85",
    year = "1983"
}

@article{Pieper:2001ap,
    author = "Pieper, Steven C. and Pandharipande, V. R. and Wiringa, Robert B. and Carlson, J.",
    title = "{Realistic models of pion exchange three nucleon interactions}",
    eprint = "nucl-th/0102004",
    archivePrefix = "arXiv",
    doi = "10.1103/PhysRevC.64.014001",
    journal = "Phys. Rev. C",
    volume = "64",
    pages = "014001",
    year = "2001"
}

@book{Amit:2005,
author = {Amit, Daniel J and Martin-Mayor, Victor},
title = {Field Theory, the Renormalization Group, and Critical Phenomena},
publisher = {World Scientific},
year = {2005},
doi = {10.1142/5715},
address = {},
edition   = {3rd},
URL = {https://www.worldscientific.com/doi/abs/10.1142/5715},
eprint = {https://www.worldscientific.com/doi/pdf/10.1142/5715}
}

@article{RevModPhys.67.157,
  title = {Handbook of perturbative QCD},
  author = {Sterman, George and Smith, John and Collins, John C. and Whitmore, James and Brock, Raymond and Huston, Joey and Pumplin, Jon and Tung, Wu-Ki and Weerts, Hendrik and Yuan, Chien-Peng and Kuhlmann, Stephen and Mishra, Sanjib and Morf\'{\i}n, Jorge G. and Olness, Fredrick and Owens, Joseph and Qiu, Jianwei and Soper, Davison E.},
  journal = {Rev. Mod. Phys.},
  volume = {67},
  issue = {1},
  pages = {157--248},
  numpages = {0},
  year = {1995},
  month = {Jan},
  publisher = {American Physical Society},
  doi = {10.1103/RevModPhys.67.157},
  url = {http://link.aps.org/doi/10.1103/RevModPhys.67.157}
}


@book{peskin1995introduction,
  title={An Introduction to Quantum Field Theory},
  author={Peskin, M.E. and Schroeder, D.V.},
  isbn={9780201503975},
  lccn={89027170},
  url={http://books.google.com/books?id=i35LALN0GosC},
  year={1995},
  address   = "Reading, MA",
  publisher={Addison-Wesley Publishing Company}
}


@article{CLAS:2019vsb,
    author = "Schmookler, B. and others",
    collaboration = "CLAS",
    title = "{Modified structure of protons and neutrons in correlated pairs}",
    eprint = "2004.12065",
    archivePrefix = "arXiv",
    primaryClass = "nucl-ex",
    doi = "10.1038/s41586-019-0925-9",
    journal = "Nature",
    volume = "566",
    number = "7744",
    pages = "354--358",
    year = "2019"
}

@article{Bennaceur:2005mx,
    author = "Bennaceur, K. and Dobaczewski, J.",
    title = "{Coordinate-space solution of the Skyrme-Hartree-Fock-Bogolyubov equations within spherical symmetry. The Program HFBRAD (v1.00)}",
    eprint = "nucl-th/0501002",
    archivePrefix = "arXiv",
    doi = "10.1016/j.cpc.2005.02.002",
    journal = "Comput. Phys. Commun.",
    volume = "168",
    pages = "96--122",
    year = "2005"
}

@article{Bogner:2008kj,
    author = "Bogner, S. K. and Furnstahl, R. J. and Platter, L.",
    title = "{Density Matrix Expansion for Low-Momentum Interactions}",
    eprint = "0811.4198",
    archivePrefix = "arXiv",
    primaryClass = "nucl-th",
    doi = "10.1140/epja/i2008-10695-1",
    journal = "Eur. Phys. J. A",
    volume = "39",
    pages = "219--241",
    year = "2009"
}

@book{preston1975structure,
	Author = {Preston, M.A. and Bhaduri, R.K.},
	Isbn = {9780201059779},
	Lccn = {lc74013242},
	Publisher = {Addison-Wesley},
	Title = {Structure of the nucleus},
	Url = {http://books.google.com/books?id=ojGBAAAAIAAJ},
	Year = {1975},
	Bdsk-Url-1 = {http://books.google.com/books?id=ojGBAAAAIAAJ}}

@book{Dickhoff:2005text,
  author       = {Dickhoff, W and Van Neck, Dimitri},
  isbn         = {981-256-294-X},
  publisher    = {World Scientific},
  title        = {Many-Body Theory Exposed!},
  year         = {2005},
}

@article{Roth:2013fqa,
    author = "Roth, Robert and Calci, Angelo and Langhammer, Joachim and Binder, Sven",
    title = "{Evolved Chiral NN+3N Hamiltonians for Ab Initio Nuclear Structure Calculations}",
    eprint = "1311.3563",
    archivePrefix = "arXiv",
    primaryClass = "nucl-th",
    doi = "10.1103/PhysRevC.90.024325",
    journal = "Phys. Rev. C",
    volume = "90",
    number = "2",
    pages = "024325",
    year = "2014"
}

@article{Binder:2013xaa,
    author = "Binder, Sven and Langhammer, Joachim and Calci, Angelo and Roth, Robert",
    title = "{Ab Initio Path to Heavy Nuclei}",
    eprint = "1312.5685",
    archivePrefix = "arXiv",
    primaryClass = "nucl-th",
    doi = "10.1016/j.physletb.2014.07.010",
    journal = "Phys. Lett. B",
    volume = "736",
    pages = "119--123",
    year = "2014"
}

@book{Ring:2005,
	Address = {Berlin},
	Author = {Ring, P. and Schuck, P.},
	Publisher = {Springer},
	Title = {The Nuclear Many-Body Problem},
	Year = {2005}}


@article{Bianconi:1995mz,
    author = "Bianconi, A. and Jeschonnek, S. and Nikolaev, Nikolai N. and Zakharov, B. G.",
    editor = "Kubono, S. and Kobayashi, T. and Tanihata, I.",
    title = "{Do final state interactions obscure short range correlation effects in quasielastic $A(e, e'p)$ scattering?}",
    eprint = "nucl-th/9508029",
    archivePrefix = "arXiv",
    reportNumber = "KFA-IKP-TH-1995-13, KFA-IKP(TH)-1995-13",
    doi = "10.1016/0375-9474(96)00248-5",
    journal = "Nucl. Phys. A",
    volume = "608",
    pages = "437--468",
    year = "1996",
    note = "[Erratum: Nucl.Phys.A 616, 680--686 (1997)]"
}

@article{Kelly:1996hd,
    author = "Kelly, J. J.",
    editor = "Negele, John W. and Vogt, E.",
    title = "{Nucleon knockout by intermediate-energy electrons}",
    doi = "10.1007/0-306-47067-5_2",
    journal = "Adv. Nucl. Phys.",
    volume = "23",
    pages = "75--294",
    year = "1996"
}

@article{Dieperink:1990uk,
    author = "Dieperink, A. E. L and Huberts, P. K. A",
    title = "{On high resolution (e,e,p) reactions}",
    doi = "10.1146/annurev.ns.40.120190.001323",
    journal = "Ann. Rev. Nucl. Part. Sci.",
    volume = "40",
    pages = "239--284",
    year = "1990"
}


@article{Lynn:2019vwp,
    author = "Lynn, J. E. and Lonardoni, D. and Carlson, J. and Chen, J. W. and Detmold, W. and Gandolfi, S. and Schwenk, A.",
    title = "{Ab initio short-range-correlation scaling factors from light to medium-mass nuclei}",
    eprint = "1903.12587",
    archivePrefix = "arXiv",
    primaryClass = "nucl-th",
    reportNumber = "LA-UR-19-20911, MIT-CTP/5103",
    doi = "10.1088/1361-6471/ab6af7",
    journal = "J. Phys. G",
    volume = "47",
    number = "4",
    pages = "045109",
    year = "2020"
}

@article{Chen:2016bde,
    author = "Chen, Jiunn-Wei and Detmold, William and Lynn, Joel E. and Schwenk, Achim",
    title = "{Short Range Correlations and the EMC Effect in Effective Field Theory}",
    eprint = "1607.03065",
    archivePrefix = "arXiv",
    primaryClass = "hep-ph",
    reportNumber = "MIT-CTP-4798",
    doi = "10.1103/PhysRevLett.119.262502",
    journal = "Phys. Rev. Lett.",
    volume = "119",
    number = "26",
    pages = "262502",
    year = "2017"
}

@article{Chen:2004zx,
    author = "Chen, Jiunn-Wei and Detmold, William",
    title = "{Universality of the EMC effect}",
    eprint = "hep-ph/0412119",
    archivePrefix = "arXiv",
    reportNumber = "NT-UW-04-029",
    doi = "10.1016/j.physletb.2005.08.041",
    journal = "Phys. Lett. B",
    volume = "625",
    pages = "165--170",
    year = "2005"
}

@article{Tropiano:2021prep,
  author = {Tropiano, A. J. and Bogner, S. K. and Furnstahl, R. J.},
  year = "2021",
  note   = {in preparation.},
}


@article{Tropiano:2020zwb,
    author = "Tropiano, A. J. and Bogner, S. K. and Furnstahl, R. J.",
    title = "{Operator evolution from the similarity renormalization group and the Magnus expansion}",
    eprint = "2006.11186",
    archivePrefix = "arXiv",
    primaryClass = "nucl-th",
    doi = "10.1103/PhysRevC.102.034005",
    journal = "Phys. Rev. C",
    volume = "102",
    number = "3",
    pages = "034005",
    year = "2020"
}

@article{PhysRev.114.786,
  title = {Deuteron-Pickup Reaction in an Optical-Model Approximation},
  author = {Greider, Kenneth R.},
  journal = {Phys. Rev.},
  volume = {114},
  issue = {3},
  pages = {786--794},
  numpages = {0},
  year = {1959},
  month = {May},
  publisher = {American Physical Society},
  doi = {10.1103/PhysRev.114.786},
  url = {https://link.aps.org/doi/10.1103/PhysRev.114.786}
}


@article{Alonso:2003aq,
    author = "Alonso, D. and Sammarruca, F.",
    title = "{A Microscopic calculation of asymmetric nuclear matter properties}",
    eprint = "nucl-th/0301032",
    archivePrefix = "arXiv",
    doi = "10.1103/PhysRevC.67.054301",
    journal = "Phys. Rev. C",
    volume = "67",
    pages = "054301",
    year = "2003"
}

@article{PhysicsPhysiqueFizika.2.263,
  title = {Scaling laws for ising models near ${T}_{c}$},
  author = {Kadanoff, Leo P.},
  journal = {Physics Physique Fizika},
  volume = {2},
  issue = {6},
  pages = {263--272},
  numpages = {10},
  year = {1966},
  month = {Jun},
  publisher = {American Physical Society},
  doi = {10.1103/PhysicsPhysiqueFizika.2.263},
  url = {https://link.aps.org/doi/10.1103/PhysicsPhysiqueFizika.2.263}
}

@article{Gross:1973id,
    author = "Gross, David J. and Wilczek, Frank",
    editor = "Taylor, J. C.",
    title = "{Ultraviolet Behavior of Nonabelian Gauge Theories}",
    doi = "10.1103/PhysRevLett.30.1343",
    journal = "Phys. Rev. Lett.",
    volume = "30",
    pages = "1343--1346",
    year = "1973"
}

@article{Politzer:1973fx,
    author = "Politzer, H. David",
    editor = "Taylor, J. C.",
    title = "{Reliable Perturbative Results for Strong Interactions?}",
    doi = "10.1103/PhysRevLett.30.1346",
    journal = "Phys. Rev. Lett.",
    volume = "30",
    pages = "1346--1349",
    year = "1973"
}

@article{GellMann:1954fq,
    author = "Gell-Mann, Murray and Low, F. E.",
    title = "{Quantum electrodynamics at small distances}",
    doi = "10.1103/PhysRev.95.1300",
    journal = "Phys. Rev.",
    volume = "95",
    pages = "1300--1312",
    year = "1954"
}

@article{Wilson:1974mb,
    author = "Wilson, Kenneth G.",
    title = "{The Renormalization Group: Critical Phenomena and the Kondo Problem}",
    reportNumber = "CLNS-296",
    doi = "10.1103/RevModPhys.47.773",
    journal = "Rev. Mod. Phys.",
    volume = "47",
    pages = "773",
    year = "1975"
}

@article{Wilson:1971bg,
    author = "Wilson, Kenneth G.",
    title = "{Renormalization group and critical phenomena. 1. Renormalization group and the Kadanoff scaling picture}",
    doi = "10.1103/PhysRevB.4.3174",
    journal = "Phys. Rev. B",
    volume = "4",
    pages = "3174--3183",
    year = "1971"
}

@article{Fomin:2011ng,
    author = "Fomin, N. and others",
    title = "{New measurements of high-momentum nucleons and short-range structures in nuclei}",
    eprint = "1107.3583",
    archivePrefix = "arXiv",
    primaryClass = "nucl-ex",
    reportNumber = "JLAB-PHY-11-1408",
    doi = "10.1103/PhysRevLett.108.092502",
    journal = "Phys. Rev. Lett.",
    volume = "108",
    pages = "092502",
    year = "2012"
}

@article{Egiyan:2003vg,
    author = "Egiyan, K.S. and others",
    collaboration = "CLAS",
    title = "{Observation of nuclear scaling in the A(e, e-prime) reaction at x(B) greater than 1}",
    eprint = "nucl-ex/0301008",
    archivePrefix = "arXiv",
    reportNumber = "JLAB-PHY-03-48",
    doi = "10.1103/PhysRevC.68.014313",
    journal = "Phys. Rev. C",
    volume = "68",
    pages = "014313",
    year = "2003"
}

@article{Egiyan:2005hs,
    author = "Egiyan, K.S. and others",
    collaboration = "CLAS",
    title = "{Measurement of 2- and 3-nucleon short range correlation probabilities in nuclei}",
    eprint = "nucl-ex/0508026",
    archivePrefix = "arXiv",
    reportNumber = "JLAB-PHY-05-285",
    doi = "10.1103/PhysRevLett.96.082501",
    journal = "Phys. Rev. Lett.",
    volume = "96",
    pages = "082501",
    year = "2006"
}

@inproceedings{Ye:2018jth,
    author = "Ye, Zhihong and Arrington, John",
    title = "{Inclusive Studies of Short-Range Correlations: Overview and New Results}",
    booktitle = "{13th Conference on the Intersections of Particle and Nuclear Physics}",
    eprint = "1810.03667",
    archivePrefix = "arXiv",
    primaryClass = "nucl-ex",
    month = "10",
    year = "2018"
}

@article{Nguyen:2020mgo,
    author = "Nguyen, D. and others",
    collaboration = "Jefferson Lab Hall A",
    title = "{Novel observation of isospin structure of short-range correlations in calcium isotopes}",
    eprint = "2004.11448",
    archivePrefix = "arXiv",
    primaryClass = "nucl-ex",
    reportNumber = "JLAB-PHY-20-3177, DOE/OR/23177-4956",
    doi = "10.1103/PhysRevC.102.064004",
    journal = "Phys. Rev. C",
    volume = "102",
    pages = "064004",
    year = "2020"
}

@article{RuizSimo:2017tcb,
    author = "Ruiz Simo, I. and Navarro P\'erez, R. and Amaro, J.E. and Ruiz Arriola, E.",
    title = "{Coarse graining the Bethe\textendash{}Goldstone equation: Nucleon\textendash{}nucleon high-momentum components}",
    eprint = "1708.00878",
    archivePrefix = "arXiv",
    primaryClass = "nucl-th",
    doi = "10.1103/PhysRevC.96.054006",
    journal = "Phys. Rev. C",
    volume = "96",
    number = "5",
    pages = "054006",
    year = "2017"
}

@article{Colle:2015lyl,
    author = "Colle, Camille and Cosyn, Wim and Ryckebusch, Jan",
    title = "{Final-state interactions in two-nucleon knockout reactions}",
    eprint = "1512.07841",
    archivePrefix = "arXiv",
    primaryClass = "nucl-th",
    doi = "10.1103/PhysRevC.93.034608",
    journal = "Phys. Rev. C",
    volume = "93",
    number = "3",
    pages = "034608",
    year = "2016"
}

@article{Vanhalst:2011es,
    author = "Vanhalst, Maarten and Cosyn, Wim and Ryckebusch, Jan",
    title = "{Counting the amount of correlated pairs in a nucleus}",
    eprint = "1105.1038",
    archivePrefix = "arXiv",
    primaryClass = "nucl-th",
    doi = "10.1103/PhysRevC.84.031302",
    journal = "Phys. Rev. C",
    volume = "84",
    pages = "031302",
    year = "2011"
}

@article{Vanhalst:2014cqa,
    author = "Ryckebusch, Jan and Cosyn, Wim and Vanhalst, Maarten",
    title = "{Stylized features of single-nucleon momentum distributions}",
    eprint = "1405.3814",
    archivePrefix = "arXiv",
    primaryClass = "nucl-th",
    doi = "10.1088/0954-3899/42/5/055104",
    journal = "J. Phys. G",
    volume = "42",
    number = "5",
    pages = "055104",
    year = "2015"
}
@article{Ryckebusch:2019oya,
    author = "Ryckebusch, Jan and Cosyn, Wim and Vieijra, Tom and Casert, Corneel",
    title = "{Isospin composition of the high-momentum fluctuations in nuclei from asymptotic momentum distributions}",
    eprint = "1907.07259",
    archivePrefix = "arXiv",
    primaryClass = "nucl-th",
    doi = "10.1103/PhysRevC.100.054620",
    journal = "Phys. Rev. C",
    volume = "100",
    number = "5",
    pages = "054620",
    year = "2019"
}

@article{Ryckebusch:2018rct,
    author = "Ryckebusch, Jan and Cosyn, Wim and Stevens, Sam and Casert, Corneel and Nys, Jannes",
    title = "{The isospin and neutron-to-proton excess dependence of short-range correlations}",
    eprint = "1808.09859",
    archivePrefix = "arXiv",
    primaryClass = "nucl-th",
    doi = "10.1016/j.physletb.2019.03.016",
    journal = "Phys. Lett. B",
    volume = "792",
    pages = "21--28",
    year = "2019"
}

@article{Stevens:2017orj,
    author = "Stevens, Sam and Ryckebusch, Jan and Cosyn, Wim and Waets, Andreas",
    title = "{Probing short-range correlations in asymmetric nuclei with quasi-free pair knockout reactions}",
    eprint = "1707.05542",
    archivePrefix = "arXiv",
    primaryClass = "nucl-th",
    doi = "10.1016/j.physletb.2017.12.045",
    journal = "Phys. Lett. B",
    volume = "777",
    pages = "374--380",
    year = "2018"
}

@article{Furnstahl:2001xq,
    author = "Furnstahl, R.J. and Hammer, H.W.",
    title = "{Are occupation numbers observable?}",
    eprint = "nucl-th/0108069",
    archivePrefix = "arXiv",
    doi = "10.1016/S0370-2693(01)01504-0",
    journal = "Phys. Lett. B",
    volume = "531",
    pages = "203--208",
    year = "2002"
}

@article{Weinberg:1981qq,
	Author = {Weinberg, Steven},
	Note = {In *Cambridge 1981, Proceedings, Asymptotic Realms Of Physics*, 1-19},
	Title = {{Why the renormalization group is a good thing}}}


@book{Guth:1984rq,
	Address = {Cambridge, MA},
	Editor = {Guth, Alan H. and Huang, K. and Jaffe, R. L.},
	Publisher = {MIT Press},
	Title = {Asymptotic Realms of Physics},
	Year = {1983}}


@article{Rashomon:2016,
    author = "Anderson, Robert",
    title = "{The Rashomon Effect and Communication}",
    journal = {Can. J. Commun.},
    volume = {41},
    issue = {2},
    pages = {249--269},
    year = {2016},
    doi = {10.22230/cjc.2016v41n2a3068}
}

@article{Aumann:2020tcq,
    author = "Aumann, T. and others",
    title = "{Quenching of single-particle strength from direct reactions with stable and rare-isotope beams}",
    eprint = "2012.12553",
    archivePrefix = "arXiv",
    primaryClass = "nucl-th",
    doi = "10.1016/j.ppnp.2021.103847",
    journal = "Prog. Part. Nucl. Phys.",
    volume = "118",
    pages = "103847",
    year = "2021"
}

@article{PhysRev.97.1366,
  title = {Theory of Nuclear Models},
  author = {Eden, R. J. and Francis, N. C.},
  journal = {Phys. Rev.},
  volume = {97},
  issue = {5},
  pages = {1366--1379},
  numpages = {0},
  year = {1955},
  month = {Mar},
  publisher = {American Physical Society},
  doi = {10.1103/PhysRev.97.1366},
  url = {https://link.aps.org/doi/10.1103/PhysRev.97.1366}
}


@article{Watson:1951zz,
    author = "Watson, Kenneth M. and Brueckner, Keith A.",
    title = "{The Analysis of pi-Meson Production in Nucleon-Nucleon Collisions}",
    doi = "10.1103/PhysRev.83.1",
    journal = "Phys. Rev.",
    volume = "83",
    pages = "1--9",
    year = "1951"
}

@article{Brueckner:1954zz,
    author = "Brueckner, K.A. and Levinson, C.A. and Mahmoud, H.M.",
    title = "{Two-Body Forces and Nuclear Saturation. 1. Central Forces}",
    doi = "10.1103/PhysRev.95.217",
    journal = "Phys. Rev.",
    volume = "95",
    pages = "217--228",
    year = "1954"
}


@article{Brueckner:1954zzc,
    author = "Brueckner, K.A.",
    title = "{Two-Body Forces and Nuclear Saturation. 2. Tensor Forces}",
    doi = "10.1103/PhysRev.96.508",
    journal = "Phys. Rev.",
    volume = "96",
    pages = "508",
    year = "1954"
}


@article{Brueckner:1955zze,
    author = "Brueckner, K.A.",
    title = "{Two-Body Forces and Nuclear Saturation. 3. Details of the Structure of the Nucleus}",
    doi = "10.1103/PhysRev.97.1353",
    journal = "Phys. Rev.",
    volume = "97",
    pages = "1353--1366",
    year = "1955"
}

@article{Brueckner:1955zzb,
    author = "Brueckner, K.A. and Levinson, C.A.",
    title = "{Approximate Reduction of the Many-Body Problem for Strongly Interacting Particles to a Problem of Self-Consistent Fields}",
    doi = "10.1103/PhysRev.97.1344",
    journal = "Phys. Rev.",
    volume = "97",
    pages = "1344--1352",
    year = "1955"
}

@article{Brueckner:1955zzd,
    author = "Brueckner, K.A. and Eden, R.J. and Francis, N.C.",
    title = "{High-Energy Reactions and the Evidence for Correlations in the Nuclear Ground-State Wave Function}",
    doi = "10.1103/PhysRev.98.1445",
    journal = "Phys. Rev.",
    volume = "98",
    pages = "1445--1455",
    year = "1955"
}

@article{Brueckner:1951zzb,
    author = "Brueckner, K. and Serber, R. and Watson, K.",
    title = "{The Capture of pi-Mesons in Deuterium}",
    doi = "10.1103/PhysRev.81.575",
    journal = "Phys. Rev.",
    volume = "81",
    pages = "575--578",
    year = "1951"
}

@article{Brueckner:1958zza,
    author = "Brueckner, K.A. and Gammel, J.L. and Weitzner, H.",
    title = "{Theory of Finite Nuclei}",
    doi = "10.1103/PhysRev.110.431",
    journal = "Phys. Rev.",
    volume = "110",
    pages = "431--445",
    year = "1958"
}

@article{Brueckner:1956zz,
    author = "Brueckner, K.A. and Wada, W.",
    title = "{Nuclear Saturation and Two-Body Forces: Self-Consistent Solutions and the Effects of the Exclusion Principle}",
    doi = "10.1103/PhysRev.103.1008",
    journal = "Phys. Rev.",
    volume = "103",
    pages = "1008--1016",
    year = "1956"
}

@article{Brueckner:1955zzc,
    author = "Brueckner, K.A. and Eden, R.J. and Francis, N.C.",
    title = "{Theory of Neutron Reactions with Nuclei at Low Energy}",
    doi = "10.1103/PhysRev.100.891",
    journal = "Phys. Rev.",
    volume = "100",
    pages = "891--900",
    year = "1955"
}

@article{Brueckner:1951zza,
    author = "Brueckner, K.A. and Serber, R. and Watson, K.M.",
    title = "{The Interaction of pi-Mesons with Nuclear Matter}",
    doi = "10.1103/PhysRev.84.258",
    journal = "Phys. Rev.",
    volume = "84",
    pages = "258--265",
    year = "1951"
}


@article{Miller:2020eyc,
    author = "Miller, Gerald A.",
    title = "{Discovery vs. Precision in Nuclear Physics- A Tale of Three Scales}",
    eprint = "2008.06524",
    archivePrefix = "arXiv",
    primaryClass = "nucl-th",
    reportNumber = "NT@UW-20-06",
    month = "8",
    year = "2020"
}

@article{CLAS:2020rue,
    author = "Korover, I. and others",
    collaboration = "CLAS",
    title = "{12C(e,e'pN) measurements of short range correlations in the tensor-to-scalar interaction transition region}",
    eprint = "2004.07304",
    archivePrefix = "arXiv",
    primaryClass = "nucl-ex",
    doi = "10.1016/j.physletb.2021.136523",
    journal = "Phys. Lett. B",
    volume = "820",
    pages = "136523",
    year = "2021"
}

@article{Hen:2020xgt,
    author = "Hen, O. and others",
    collaboration = "GlueX",
    title = "{Studying Short-Range Correlations with Real Photon Beams at GlueX}",
    eprint = "2009.09617",
    archivePrefix = "arXiv",
    primaryClass = "nucl-ex",
    month = "9",
    year = "2020"
}

@article{Hen:2020wxa,
    author = "Hen, Or and others",
    collaboration = "CLAS",
    title = "{Precision measurements of A=3 nuclei in Hall B}",
    eprint = "2009.03413",
    archivePrefix = "arXiv",
    primaryClass = "nucl-ex",
    month = "9",
    year = "2020"
}

@article{Segarra:2020plg,
    author = "Segarra, E.P. and Pybus, J.R. and Hauenstein, F. and Higinbotham, D.W. and Miller, G.A. and Piasetzky, E. and Schmidt, A. and Strikman, M. and Weinstein, L.B. and Hen, O.",
    title = "{Short-Range Correlations and the Nuclear EMC Effect in Deuterium and Helium-3}",
    eprint = "2006.10249",
    archivePrefix = "arXiv",
    primaryClass = "hep-ph",
    month = "6",
    year = "2020"
}

@article{Weiss:2021zyb,
    author = "Weiss, R. and Denniston, A. W. and Pybus, J. R. and Hen, O. and Piasetzky, E. and Schmidt, A. and Weinstein, L. B. and Barnea, N.",
    title = "{Extracting the number of short-range correlated nucleon pairs from inclusive electron scattering data}",
    eprint = "2005.01621",
    archivePrefix = "arXiv",
    primaryClass = "nucl-th",
    doi = "10.1103/PhysRevC.103.L031301",
    journal = "Phys. Rev. C",
    volume = "103",
    number = "3",
    pages = "L031301",
    year = "2021"
}

@article{Pybus:2020itv,
    author = "Pybus, J.R. and Korover, I. and Weiss, R. and Schmidt, A. and Barnea, N. and Higinbotham, D.W. and Piasetzky, E. and Strikman, M. and Weinstein, L.B. and Hen, O.",
    title = "{Generalized contact formalism analysis of the $^4$He$(e,e'pN)$ reaction}",
    eprint = "2003.02318",
    archivePrefix = "arXiv",
    primaryClass = "nucl-th",
    doi = "10.1016/j.physletb.2020.135429",
    journal = "Phys. Lett. B",
    volume = "805",
    pages = "135429",
    year = "2020"
}

@article{Schmidt:2020kcl,
    author = "Schmidt, A. and others",
    collaboration = "CLAS",
    title = "{Probing the core of the strong nuclear interaction}",
    eprint = "2004.11221",
    archivePrefix = "arXiv",
    primaryClass = "nucl-ex",
    doi = "10.1038/s41586-020-2021-6",
    journal = "Nature",
    volume = "578",
    number = "7796",
    pages = "540--544",
    year = "2020"
}

@article{Cruz-Torres:2020uke,
    author = "Cruz-Torres, R. and others",
    collaboration = "Jefferson Lab Hall A Tritium",
    title = "{Probing Few-Body Nuclear Dynamics via $^3$H and $^3$He ($e,e'p$)pn  Cross-Section Measurements}",
    eprint = "2001.07230",
    archivePrefix = "arXiv",
    primaryClass = "nucl-ex",
    doi = "10.1103/PhysRevLett.124.212501",
    journal = "Phys. Rev. Lett.",
    volume = "124",
    number = "21",
    pages = "212501",
    year = "2020"
}

@article{Segarra:2019gbp,
    author = "Segarra, E.P. and Schmidt, A. and Kutz, T. and Higinbotham, D.W. and Piasetzky, E. and Strikman, M. and Weinstein, L.B. and Hen, O.",
    title = "{Neutron Valence Structure from Nuclear Deep Inelastic Scattering}",
    eprint = "1908.02223",
    archivePrefix = "arXiv",
    primaryClass = "nucl-th",
    doi = "10.1103/PhysRevLett.124.092002",
    journal = "Phys. Rev. Lett.",
    volume = "124",
    number = "9",
    pages = "092002",
    year = "2020"
}

@article{Hen:2019jzn,
    author = "Hen, O. and Hauenstein, F. and Higinbotham, D.W. and Miller, G.A. and Piasetzky, E. and Schmidt, A. and Segarra, E.P. and Strikman, M. and Weinstein, L.B.",
    title = "{Comment on ''Searching for flavor dependence in nuclear quark behavior''}",
    eprint = "1905.02172",
    archivePrefix = "arXiv",
    primaryClass = "nucl-ex",
    month = "5",
    year = "2019"
}

@article{Patsyuk:2019ocp,
    author = "Patsyuk, Maria and Hen, Or and Piasetzky, Eliezer",
    editor = "Bondarenko, S. and Burov, V. and Malakhov, A.",
    title = "{Exclusive studies on short range correlations in nuclei}",
    doi = "10.1051/epjconf/201920401016",
    journal = "EPJ Web Conf.",
    volume = "204",
    pages = "01016",
    year = "2019"
}

@article{Schmookler:2019nvf,
    author = "Schmookler, B. and others",
    collaboration = "CLAS",
    title = "{Modified structure of protons and neutrons in correlated pairs}",
    eprint = "2004.12065",
    archivePrefix = "arXiv",
    primaryClass = "nucl-ex",
    doi = "10.1038/s41586-019-0925-9",
    journal = "Nature",
    volume = "566",
    number = "7744",
    pages = "354--358",
    year = "2019"
}

@article{Cruz-Torres:2019bqw,
    author = "Cruz-Torres, R. and others",
    collaboration = "Jefferson Lab Hall A Tritium",
    title = "{Comparing proton momentum distributions in $A=2$ and 3 nuclei via $^2$H $^3$H and $^3$He $(e, e'p)$ measurements}",
    eprint = "1902.06358",
    archivePrefix = "arXiv",
    primaryClass = "nucl-ex",
    reportNumber = "JLAB-PHY-19-2893; LA-UR-18-31091, LA-UR-18-31091",
    doi = "10.1016/j.physletb.2019.134890",
    journal = "Phys. Lett. B",
    volume = "797",
    pages = "134890",
    year = "2019"
}

@article{Paschalis:2018zkx,
    author = "Paschalis, S. and Petri, M. and Macchiavelli, A.O. and Hen, O. and Piasetzky, E.",
    title = "{Nucleon-nucleon correlations and the single-particle strength in atomic nuclei}",
    eprint = "1812.08051",
    archivePrefix = "arXiv",
    primaryClass = "nucl-ex",
    doi = "10.1016/j.physletb.2019.135110",
    journal = "Phys. Lett. B",
    volume = "800",
    pages = "135110",
    year = "2020"
}

@article{Duer:2018sxh,
    author = "Duer, M. and others",
    collaboration = "CLAS",
    title = "{Direct Observation of Proton-Neutron Short-Range Correlation Dominance in Heavy Nuclei}",
    eprint = "1810.05343",
    archivePrefix = "arXiv",
    primaryClass = "nucl-ex",
    doi = "10.1103/PhysRevLett.122.172502",
    journal = "Phys. Rev. Lett.",
    volume = "122",
    number = "17",
    pages = "172502",
    year = "2019"
}

@article{Duer:2018sby,
    author = "Duer, M. and others",
    collaboration = "CLAS",
    title = "{Probing high-momentum protons and neutrons in neutron-rich nuclei}",
    doi = "10.1038/s41586-018-0400-z",
    journal = "Nature",
    volume = "560",
    number = "7720",
    pages = "617--621",
    year = "2018"
}

@article{Weiss:2018tbu,
    author = "Weiss, Ronen and Korover, Igor and Piasetzky, Eliezer and Hen, Or and Barnea, Nir",
    title = "{Energy and momentum dependence of nuclear short-range correlations - Spectral function, exclusive scattering experiments and the contact formalism}",
    eprint = "1806.10217",
    archivePrefix = "arXiv",
    primaryClass = "nucl-th",
    doi = "10.1016/j.physletb.2019.02.019",
    journal = "Phys. Lett. B",
    volume = "791",
    pages = "242--248",
    year = "2019"
}

@article{Miller:2018mfb,
    author = "Miller, G.A. and Beck, A. and May-Tal Beck, S. and Weinstein, L.B. and Piasetzky, E. and Hen, O.",
    title = "{Can Long-Range Nuclear Properties Be Influenced By Short Range Interactions? A chiral dynamics estimate}",
    eprint = "1805.12099",
    archivePrefix = "arXiv",
    primaryClass = "nucl-th",
    reportNumber = "NT@UW-17-20",
    doi = "10.1016/j.physletb.2019.05.010",
    journal = "Phys. Lett. B",
    volume = "793",
    pages = "360--364",
    year = "2019"
}

@article{Cohen:2018gzh,
    author = "Cohen, E.O. and others",
    collaboration = "CLAS",
    title = "{Center of Mass Motion of Short-Range Correlated Nucleon Pairs studied via the $A(e,e′pp)$ Reaction}",
    eprint = "1805.01981",
    archivePrefix = "arXiv",
    primaryClass = "nucl-ex",
    doi = "10.1103/PhysRevLett.121.092501",
    journal = "Phys. Rev. Lett.",
    volume = "121",
    number = "9",
    pages = "092501",
    year = "2018"
}

@article{Ye:2017mvo,
    author = "Ye, Z. and others",
    collaboration = "Hall A",
    title = "{Search for three-nucleon short-range correlations in light nuclei}",
    eprint = "1712.07009",
    archivePrefix = "arXiv",
    primaryClass = "nucl-ex",
    reportNumber = "JLAB-PHY-18-2639",
    doi = "10.1103/PhysRevC.97.065204",
    journal = "Phys. Rev. C",
    volume = "97",
    number = "6",
    pages = "065204",
    year = "2018"
}

@article{Cruz-Torres:2017sjy,
    author = "Cruz-Torres, Reynier and Schmidt, Axel and Miller, Gerald A. and Weinstein, Lawrence B. and Barnea, Nir and Weiss, Ronen and Piasetzky, Eliezer and Hen, O.",
    title = "{Short range correlations and the isospin dependence of nuclear correlation functions}",
    eprint = "1710.07966",
    archivePrefix = "arXiv",
    primaryClass = "nucl-th",
    doi = "10.1016/j.physletb.2018.07.069",
    journal = "Phys. Lett. B",
    volume = "785",
    pages = "304--308",
    year = "2018"
}

@article{Weiss:2016obx,
    author = "Weiss, R. and Cruz-Torres, R. and Barnea, N. and Piasetzky, E. and Hen, O.",
    title = "{The nuclear contacts and short range correlations in nuclei}",
    eprint = "1612.00923",
    archivePrefix = "arXiv",
    primaryClass = "nucl-th",
    doi = "10.1016/j.physletb.2018.01.061",
    journal = "Phys. Lett. B",
    volume = "780",
    pages = "211--215",
    year = "2018"
}

@article{Hen:2016kwk,
    author = "Hen, O. and Miller, G.A. and Piasetzky, E. and Weinstein, L.B.",
    title = "{Nucleon-Nucleon Correlations, Short-lived Excitations, and the Quarks Within}",
    eprint = "1611.09748",
    archivePrefix = "arXiv",
    primaryClass = "nucl-ex",
    doi = "10.1103/RevModPhys.89.045002",
    journal = "Rev. Mod. Phys.",
    volume = "89",
    number = "4",
    pages = "045002",
    year = "2017"
}

@article{Hen:2016ysx,
    author = "Hen, O. and Steiner, A.W. and Piasetzky, E. and Weinstein, L.B.",
    title = "{Analysis of Neutron Stars Observations Using a Correlated Fermi Gas Model}",
    eprint = "1608.00487",
    archivePrefix = "arXiv",
    primaryClass = "nucl-ex",
    month = "8",
    year = "2016"
}

@article{Colle:2015ena,
    author = "Colle, C. and Hen, O. and Cosyn, W. and Korover, I. and Piasetzky, E. and Ryckebusch, J. and Weinstein, L.B.",
    title = "{Extracting the mass dependence and quantum numbers of short-range correlated pairs from $A(e,e′p)$ and $A(e,e′pp)$ scattering}",
    eprint = "1503.06050",
    archivePrefix = "arXiv",
    primaryClass = "nucl-th",
    doi = "10.1103/PhysRevC.92.024604",
    journal = "Phys. Rev. C",
    volume = "92",
    number = "2",
    pages = "024604",
    year = "2015"
}

@article{Hen:2014nza,
    author = "Hen, O. and others",
    title = "{Momentum sharing in imbalanced Fermi systems}",
    eprint = "1412.0138",
    archivePrefix = "arXiv",
    primaryClass = "nucl-ex",
    doi = "10.1126/science.1256785",
    journal = "Science",
    volume = "346",
    pages = "614--617",
    year = "2014"
}

@article{Higinbotham:2014xna,
    author = "Higinbotham, Douglas W. and Hen, Or",
    title = "{Comment on \textquotedblleft{}Measurement of Two- and Three-Nucleon Short-Range Correlation Probabilities in Nuclei\textquotedblright{}}",
    eprint = "1409.3069",
    archivePrefix = "arXiv",
    primaryClass = "nucl-ex",
    reportNumber = "JLAB-PHY-14-1946",
    doi = "10.1103/PhysRevLett.114.169201",
    journal = "Phys. Rev. Lett.",
    volume = "114",
    number = "16",
    pages = "169201",
    year = "2015"
}

@article{Hen:2014lia,
    author = "Hen, O. and Weinstein, L.B. and Piasetzky, E. and Miller, G.A. and Sargsian, M.M. and Sagi, Y.",
    title = "{Correlated fermions in nuclei and ultracold atomic gases}",
    eprint = "1407.8175",
    archivePrefix = "arXiv",
    primaryClass = "nucl-ex",
    doi = "10.1103/PhysRevC.92.045205",
    journal = "Phys. Rev. C",
    volume = "92",
    number = "4",
    pages = "045205",
    year = "2015"
}

@article{Korover:2014dma,
    author = "Korover, I. and others",
    collaboration = "Lab Hall A",
    title = "{Probing the Repulsive Core of the Nucleon-Nucleon Interaction via the $^4He(e,e′pN)$ Triple-Coincidence Reaction}",
    eprint = "1401.6138",
    archivePrefix = "arXiv",
    primaryClass = "nucl-ex",
    reportNumber = "JLAB-PHY-14-1862",
    doi = "10.1103/PhysRevLett.113.022501",
    journal = "Phys. Rev. Lett.",
    volume = "113",
    number = "2",
    pages = "022501",
    year = "2014"
}

@article{Higinbotham:2013hta,
    author = "Higinbotham, Douglas and Miller, Gerald A and Hen, Or and Rith, Klaus",
    title = "{The EMC effect still puzzles after 30 years}",
    eprint = "1305.7143",
    archivePrefix = "arXiv",
    primaryClass = "hep-ph",
    reportNumber = "JLAB-PHY-13-1727",
    journal = "CERN Cour.",
    volume = "53N4",
    pages = "24",
    year = "2013"
}

@article{Hen:2013oha,
    author = "Hen, Or and Higinbotham, D.W. and Miller, Gerald A. and Piasetzky, Eli and Weinstein, Lawrence B.",
    title = "{The EMC Effect and High Momentum Nucleons in Nuclei}",
    eprint = "1304.2813",
    archivePrefix = "arXiv",
    primaryClass = "nucl-th",
    reportNumber = "JLAB-PHY-13-1801",
    doi = "10.1142/S0218301313300178",
    journal = "Int. J. Mod. Phys. E",
    volume = "22",
    pages = "1330017",
    year = "2013"
}

@article{Weinstein:2010rt,
    author = "Weinstein, L.B. and Piasetzky, E. and Higinbotham, D.W. and Gomez, J. and Hen, O. and Shneor, R.",
    title = "{Short Range Correlations and the EMC Effect}",
    eprint = "1009.5666",
    archivePrefix = "arXiv",
    primaryClass = "hep-ph",
    reportNumber = "JLAB-PHY-10-1227",
    doi = "10.1103/PhysRevLett.106.052301",
    journal = "Phys. Rev. Lett.",
    volume = "106",
    pages = "052301",
    year = "2011"
}




@article{Anderson:2008mu,
      author         = "Anderson, E. and Bogner, S. K. and Furnstahl, R. J. and
                        Jurgenson, E. D. and Perry, R. J. and Schwenk, A.",
      title          = "{Block Diagonalization using SRG Flow Equations}",
      journal        = "Phys. Rev. C",
      volume         = "77",
      year           = "2008",
      pages          = "037001",
      doi            = "10.1103/PhysRevC.77.037001",
      eprint         = "0801.1098",
      archivePrefix  = "arXiv",
      primaryClass   = "nucl-th",
      SLACcitation   = "%%CITATION = ARXIV:0801.1098;%%"
}

@article{Anderson:2010aq,
      author         = "Anderson, E. R. and Bogner, S. K. and Furnstahl, R. J.
                        and Perry, R. J.",
      title          = "{Operator Evolution via the Similarity Renormalization
                        Group I: The Deuteron}",
      journal        = "Phys. Rev. C",
      volume         = "82",
      year           = "2010",
      pages          = "054001",
      doi            = "10.1103/PhysRevC.82.054001",
      eprint         = "1008.1569",
      archivePrefix  = "arXiv",
      primaryClass   = "nucl-th",
      SLACcitation   = "%%CITATION = ARXIV:1008.1569;%%"
}

@article{Arriola:2014fqa,
    author = "Ruiz Arriola, E. and Szpigel, S. and Tim\'oteo, V.S.",
    title = "{Implicit and explicit renormalization: two complementary views of effective interactions}",
    eprint = "1407.8449",
    archivePrefix = "arXiv",
    primaryClass = "nucl-th",
    doi = "10.1016/j.aop.2014.11.010",
    journal = "Annals Phys.",
    volume = "353",
    pages = "129--149",
    year = "2014"
}

@article{Arriola:2014nia,
    author = "Ruiz Arriola, E. and Szpigel, S. and Tim\'oteo, V.S.",
    title = "{The infrared limit of the SRG evolution and Levinson's theorem}",
    doi = "10.1016/j.physletb.2014.06.032",
    journal = "Phys. Lett. B",
    volume = "735",
    pages = "149--156",
    year = "2014"
}

@article{Arriola:2016fkr,
    author = "Ruiz Arriola, E. and Szpigel, S. and Tim\'oteo, V.S.",
    title = "{Fixed points of the SRG evolution and the on-shell limit of the nuclear force}",
    eprint = "1601.02360",
    archivePrefix = "arXiv",
    primaryClass = "nucl-th",
    doi = "10.1016/j.aop.2016.06.002",
    journal = "Annals Phys.",
    volume = "371",
    pages = "398--436",
    year = "2016"
}

@article{Binder:2015trg,
      author         = "Binder, S. and Ekstr{\"o}m, A. and Hagen, G. and Papenbrock,
                        T. and Wendt, K. A.",
      title          = "{Effective field theory in the harmonic oscillator
                         basis}",
      journal        = "Phys. Rev. C",
      volume         = "93",
      year           = "2016",
      number         = "4",
      pages          = "044332",
      doi            = "10.1103/PhysRevC.93.044332",
      eprint         = "1512.03802",
      archivePrefix  = "arXiv",
      primaryClass   = "nucl-th",
      SLACcitation   = "%%CITATION = ARXIV:1512.03802;%%"
}

@article{Blanes:2009ab,
      author = "Blanes, S. and Casas, F. and Oteo, J. A. and Ros, J.",
      title = "{The Magnus expansion and some of its applications}",
      journal = "Phys. Rep.",
      year = "2009",
      month = "Jan",
      volume = "470",
      pages = "151-238",
      doi = "10.1016/j.physrep.2008.11.001",
      archivePrefix = "arXiv",
      eprint = "0810.5488",
      primaryClass = "math-ph",
      SLACcitation   = "%%CITATION = ARXIV:0810.5488;%%"
}

@article{Bogner:2001gq,
      author         = "Bogner, S. K. and Kuo, T. T. S. and Schwenk, A. and
                        Entem, D. R. and Machleidt, R.",
      title          = "{Towards a model independent low momentum nucleon nucleon
                        interaction}",
      journal        = "Phys. Lett. B",
      volume         = "576",
      year           = "2003",
      pages          = "265-272",
      doi            = "10.1016/j.physletb.2003.10.012",
      eprint         = "nucl-th/0108041",
      archivePrefix  = "arXiv",
      primaryClass   = "nucl-th",
      SLACcitation   = "%%CITATION = NUCL-TH/0108041;%%"
}

@article{Bogner:2001jn,
      author         = "Bogner, S. K. and Schwenk, A. and Kuo, T. T. S. and
                        Brown, G. E.",
      title          = "{Renormalization group equation for low momentum
                        effective nuclear interactions}",
      year           = "2001",
      eprint         = "nucl-th/0111042",
      archivePrefix  = "arXiv",
      primaryClass   = "nucl-th",
      SLACcitation   = "%%CITATION = NUCL-TH/0111042;%%"
}

@article{Bogner:2003wn,
      author         = "Bogner, S. K. and Kuo, T. T. S. and Schwenk, A.",
      title          = "{Model independent low momentum nucleon interaction from
                        phase shift equivalence}",
      journal        = "Phys. Rept.",
      volume         = "386",
      year           = "2003",
      pages          = "1-27",
      doi            = "10.1016/j.physrep.2003.07.001",
      eprint         = "nucl-th/0305035",
      archivePrefix  = "arXiv",
      primaryClass   = "nucl-th",
      SLACcitation   = "%%CITATION = NUCL-TH/0305035;%%"
}

@article{Bogner:2006vp,
      author         = "Bogner, S. K. and Furnstahl, R. J. and Ramanan, S. and
                        Schwenk, A.",
      title          = "{Low-momentum interactions with smooth cutoffs}",
      journal        = "Nucl. Phys. A",
      volume         = "784",
      year           = "2007",
      pages          = "79-103",
      doi            = "10.1016/j.nuclphysa.2006.11.123",
      eprint         = "nucl-th/0609003",
      archivePrefix  = "arXiv",
      primaryClass   = "nucl-th",
      SLACcitation   = "%%CITATION = NUCL-TH/0609003;%%"
}

@article{Bogner:2006pc,
      author         = "Bogner, S. K. and Furnstahl, R. J. and Perry, R. J.",
      title          = "{Similarity Renormalization Group for Nucleon-Nucleon
                        Interactions}",
      journal        = "Phys. Rev. C",
      volume         = "75",
      year           = "2007",
      pages          = "061001",
      doi            = "10.1103/PhysRevC.75.061001",
      eprint         = "nucl-th/0611045",
      archivePrefix  = "arXiv",
      primaryClass   = "nucl-th",
      SLACcitation   = "%%CITATION = NUCL-TH/0611045;%%"
}

@article{Bogner:2007jb,
      author         = "Bogner, S. K. and Furnstahl, R. J. and Perry, R. J. and
                        Schwenk, A.",
      title          = "{Are low-energy nuclear observables sensitive to
                        high-energy phase shifts?}",
      journal        = "Phys. Lett.",
      volume         = "B649",
      year           = "2007",
      pages          = "488-493",
      doi            = "10.1016/j.physletb.2007.04.048",
      eprint         = "nucl-th/0701013",
      archivePrefix  = "arXiv",
      primaryClass   = "nucl-th",
      SLACcitation   = "%%CITATION = NUCL-TH/0701013;%%"
}

@article{Bogner:2009bt,
      author         = "Bogner, S. K. and Furnstahl, R. J. and Schwenk, A.",
      title          = "{From low-momentum interactions to nuclear structure}",
      journal        = "Prog. Part. Nucl. Phys.",
      volume         = "65",
      year           = "2010",
      pages          = "94-147",
      doi            = "10.1016/j.ppnp.2010.03.001",
      eprint         = "0912.3688",
      archivePrefix  = "arXiv",
      primaryClass   = "nucl-th",
      SLACcitation   = "%%CITATION = ARXIV:0912.3688;%%"
}

@article{Bogner:2012zm,
    author = "Bogner, S.K. and Roscher, D.",
    archivePrefix = "arXiv",
    doi = "10.1103/PhysRevC.86.064304",
    eprint = "1208.1734",
    journal = "Phys. Rev. C",
    pages = "064304",
    primaryClass = "nucl-th",
    title = "{High-momentum tails from low-momentum effective theories}",
    volume = "86",
    year = "2012"
}

@article{Burrows:2018ggt,
      author         = "Burrows, M. and Elster, Ch. and Weppner, S. P. and
                        Launey, K. D. and Maris, P. and Nogga, A. and Popa, G.",
      title          = "{Ab initio folding potentials for nucleon-nucleus
                        scattering based on no-core shell-model one-body
                        densities}",
      journal        = "Phys. Rev. C",
      volume         = "99",
      year           = "2019",
      number         = "4",
      pages          = "044603",
      doi            = "10.1103/PhysRevC.99.044603",
      eprint         = "1810.06442",
      archivePrefix  = "arXiv",
      primaryClass   = "nucl-th",
      SLACcitation   = "%%CITATION = ARXIV:1810.06442;%%"
}

@article{Capuzzi:2000ab,
      author = "Capuzzi, F. and Mahaux, C.",
      title = "{Relationship between Feshbach's and Green's Function Theories 
                 of the Nucleon–Nucleus Mean Field}",
      journal = "Annals Phys.",
      volume = "281",
      number = "1",
      pages = "223-359",
      year = "2000",
      issn = "0003-4916",
      doi = "https://doi.org/10.1006/aphy.2000.6011",
}

@article{Carlsson:2015vda,
      author         = "Carlsson, B. D. and Ekstr{\"o}m, A. and Forss\'en, C. and
                        Str{\"o}mberg, D. Fahlin and Jansen, G. R. and Lilja, O. and
                        Lindby, M. and Mattsson, B. A. and Wendt, K. A.",
      title          = "{Uncertainty analysis and order-by-order optimization of
                        chiral nuclear interactions}",
      journal        = "Phys. Rev.",
      volume         = "X6",
      year           = "2016",
      number         = "1",
      pages          = "011019",
      doi            = "10.1103/PhysRevX.6.011019",
      eprint         = "1506.02466",
      archivePrefix  = "arXiv",
      primaryClass   = "nucl-th",
      SLACcitation   = "%%CITATION = ARXIV:1506.02466;%%"
}

@article{Cruz-Torres:2019fum,
    author = "Cruz-Torres, R. and others",
    title = "{Many-body factorization and position\textendash{}momentum equivalence of nuclear short-range correlations}",
    eprint = "1907.03658",
    archivePrefix = "arXiv",
    primaryClass = "nucl-th",
    reportNumber = "LA-UR-19-25832",
    doi = "10.1038/s41567-020-01053-7",
    journal = "Nature Phys.",
    volume = "17",
    number = "3",
    pages = "306--310",
    year = "2021"
}



@article{Dainton:2013axa,
      author         = "Dainton, B. and Furnstahl, R. J. and Perry, R. J.",
      title          = "{Universality in Similarity Renormalization Group Evolved
                        Potential Matrix Elements and T-Matrix Equivalence}",
      journal        = "Phys. Rev. C",
      volume         = "89",
      year           = "2014",
      number         = "1",
      pages          = "014001",
      doi            = "10.1103/PhysRevC.89.014001",
      eprint         = "1310.6690",
      archivePrefix  = "arXiv",
      primaryClass   = "nucl-th",
      SLACcitation   = "%%CITATION = ARXIV:1310.6690;%%"
}

@article{Dicaire:2014fra,
    author = "Dicaire, Nuiok M. and Omand, Conor and Navr\'atil, Petr",
    title = "{Alternative similarity renormalization group generators in nuclear structure calculations}",
    eprint = "1406.1815",
    archivePrefix = "arXiv",
    primaryClass = "nucl-th",
    doi = "10.1103/PhysRevC.90.034302",
    journal = "Phys. Rev. C",
    volume = "90",
    number = "3",
    pages = "034302",
    year = "2014"
}

@article{Dickhoff:2018wdd,
      author         = "Dickhoff, Willem H. and Charity, Robert J.",
      title          = "{Recent developments for the optical model of nuclei}",
      journal        = "Prog. Part. Nucl. Phys.",
      volume         = "105",
      year           = "2019",
      pages          = "252-299",
      doi            = "10.1016/j.ppnp.2018.11.002",
      eprint         = "1811.03111",
      archivePrefix  = "arXiv",
      primaryClass   = "nucl-th",
      SLACcitation   = "%%CITATION = ARXIV:1811.03111;%%"
}

@article{Ekstrom:2015rta,
      author         = "Ekstr{\"o}m, A. and Jansen, G. R. and Wendt, K. A. and
                        Hagen, G. and Papenbrock, T. and Carlsson, B. D. and
                        Forss\'en, C. and Hjorth-Jensen, M. and Navr\'atil, P. and
                        Nazarewicz, W.",
      title          = "{Accurate nuclear radii and binding energies from a
                        chiral interaction}",
      journal        = "Phys. Rev. C",
      volume         = "91",
      year           = "2015",
      number         = "5",
      pages          = "051301(R)",
      doi            = "10.1103/PhysRevC.91.051301",
      eprint         = "1502.04682",
      archivePrefix  = "arXiv",
      primaryClass   = "nucl-th",
      SLACcitation   = "%%CITATION = ARXIV:1502.04682;%%"
}

@article{Ekstrom:2017koy,
      author         = "Ekstr{\"o}m, A. and Hagen, G. and Morris, T. D. and
                        Papenbrock, T. and Schwartz, P. D.",
      title          = "{$\Delta$ isobars and nuclear saturation}",
      journal        = "Phys. Rev.",
      volume         = "C97",
      year           = "2018",
      number         = "2",
      pages          = "024332",
      doi            = "10.1103/PhysRevC.97.024332",
      eprint         = "1707.09028",
      archivePrefix  = "arXiv",
      primaryClass   = "nucl-th",
      SLACcitation   = "%%CITATION = ARXIV:1707.09028;%%"
}

@article{Elster:1996xh,
      author         = "Elster, C. and Weppner, S. P. and Chinn, C. R.",
      title          = "{Full folding optical potentials for elastic nucleon -
                        nucleus scattering based on realistic densities}",
      journal        = "Phys. Rev. C",
      volume         = "56",
      year           = "1997",
      pages          = "2080",
      doi            = "10.1103/PhysRevC.56.2080",
      eprint         = "nucl-th/9611045",
      archivePrefix  = "arXiv",
      primaryClass   = "nucl-th",
      SLACcitation   = "%%CITATION = NUCL-TH/9611045;%%"
}

@article{Entem:2003ft,
      author         = "Entem, D. R. and Machleidt, R.",
      title          = "{Accurate charge dependent nucleon nucleon potential at
                        fourth order of chiral perturbation theory}",
      journal        = "Phys. Rev. C",
      volume         = "68",
      year           = "2003",
      pages          = "041001",
      doi            = "10.1103/PhysRevC.68.041001",
      eprint         = "nucl-th/0304018",
      archivePrefix  = "arXiv",
      primaryClass   = "nucl-th",
      SLACcitation   = "%%CITATION = NUCL-TH/0304018;%%"
}

@article{Entem:2017gor,
      author         = "Entem, D. R. and Machleidt, R. and Nosyk, Y.",
      title          = "{High-quality two-nucleon potentials up to fifth order of
                        the chiral expansion}",
      journal        = "Phys. Rev. C",
      volume         = "96",
      year           = "2017",
      number         = "2",
      pages          = "024004",
      doi            = "10.1103/PhysRevC.96.024004",
      eprint         = "1703.05454",
      archivePrefix  = "arXiv",
      primaryClass   = "nucl-th",
      SLACcitation   = "%%CITATION = ARXIV:1703.05454;%%"
}

@article{Epelbaum:2004fk,
      author         = "Epelbaum, E. and Glockle, W. and Mei{\ss}ner, Ulf-G.",
      title          = "{The Two-nucleon system at
                        next-to-next-to-next-to-leading order}",
      journal        = "Nucl. Phys. A",
      volume         = "747",
      year           = "2005",
      pages          = "362-424",
      doi            = "10.1016/j.nuclphysa.2004.09.107",
      eprint         = "nucl-th/0405048",
      archivePrefix  = "arXiv",
      primaryClass   = "nucl-th",
      reportNumber   = "JLAB-THY-04-228, HISKP-TH-04-07, FZJ-IKP-TH-2004-04,
                        HISKP(TH)-04-07",
      SLACcitation   = "%%CITATION = NUCL-TH/0405048;%%"
}

@article{Epelbaum:2008ga,
      author         = "Epelbaum, Evgeny and Hammer, Hans-Werner and Mei{\ss}ner,
                        Ulf-G.",
      title          = "{Modern Theory of Nuclear Forces}",
      journal        = "Rev. Mod. Phys.",
      volume         = "81",
      year           = "2009",
      pages          = "1773-1825",
      doi            = "10.1103/RevModPhys.81.1773",
      eprint         = "0811.1338",
      archivePrefix  = "arXiv",
      primaryClass   = "nucl-th",
      reportNumber   = "HISKP-TH-08-18, FZJ-IKP-TH-2008-20",
      SLACcitation   = "%%CITATION = ARXIV:0811.1338;%%"
}

@article{Epelbaum:2014efa,
      author         = "Epelbaum, E. and Krebs, H. and Mei{\ss}ner, U. G.",
      title          = "{Improved chiral nucleon-nucleon potential up to
                        next-to-next-to-next-to-leading order}",
      journal        = "Eur. Phys. J. A",
      volume         = "51",
      year           = "2015",
      number         = "5",
      pages          = "53",
      doi            = "10.1140/epja/i2015-15053-8",
      eprint         = "1412.0142",
      archivePrefix  = "arXiv",
      primaryClass   = "nucl-th",
      SLACcitation   = "%%CITATION = ARXIV:1412.0142;%%"
}
      
@article{Epelbaum:2014sza,
      author         = "Epelbaum, E. and Krebs, H. and Mei{\ss}ner, U. G.",
      title          = "{Precision nucleon-nucleon potential at fifth order in
                        the chiral expansion}",
      journal        = "Phys. Rev. Lett.",
      volume         = "115",
      year           = "2015",
      number         = "12",
      pages          = "122301",
      doi            = "10.1103/PhysRevLett.115.122301",
      eprint         = "1412.4623",
      archivePrefix  = "arXiv",
      primaryClass   = "nucl-th",
      SLACcitation   = "%%CITATION = ARXIV:1412.4623;%%"
}

@article{Fearing:1997cf,
      author         = "Fearing, Harold W.",
      title          = "{Nucleon nucleon bremsstrahlung: An example of the
                        impossibility of measuring off-shell amplitudes}",
      journal        = "Phys. Rev. Lett.",
      volume         = "81",
      year           = "1998",
      pages          = "758-761",
      doi            = "10.1103/PhysRevLett.81.758",
      eprint         = "nucl-th/9710061",
      archivePrefix  = "arXiv",
      primaryClass   = "nucl-th",
      reportNumber   = "TRI-PP-97-31",
      SLACcitation   = "%%CITATION = NUCL-TH/9710061;%%"
}

@article{Feshbach:1958nx,
      author         = "Feshbach, Herman",
      title          = "{Unified theory of nuclear reactions}",
      journal        = "Annals Phys.",
      volume         = "5",
      year           = "1958",
      pages          = "357-390",
      doi            = "10.1016/0003-4916(58)90007-1",
      SLACcitation   = "%%CITATION = APNYA,5,357;%%"
}

@article{Feshbach:1962ut,
      author         = "Feshbach, Herman",
      title          = "{A Unified theory of nuclear reactions. 2.}",
      journal        = "Annals Phys.",
      volume         = "19",
      year           = "1962",
      pages          = "287-313",
      doi            = "10.1016/0003-4916(62)90221-X",
      SLACcitation   = "%%CITATION = APNYA,19,287;%%"
}

@article{Filin:2019eoe,
    author = "Filin, A.A. and Baru, V. and Epelbaum, E. and Krebs, H. and M{\"o}ller, D. and Reinert, P.",
    title = "{Extraction of the neutron charge radius from a precision calculation of the deuteron structure radius}",
    eprint = "1911.04877",
    archivePrefix = "arXiv",
    primaryClass = "nucl-th",
    doi = "10.1103/PhysRevLett.124.082501",
    journal = "Phys. Rev. Lett.",
    volume = "124",
    number = "8",
    pages = "082501",
    year = "2020"
}

@article{Furnstahl:2010wd,
    author = "Furnstahl, R.J. and Schwenk, A.",
    title = "{How should one formulate, extract, and interpret `non-observables' for nuclei?}",
    eprint = "1001.0328",
    archivePrefix = "arXiv",
    primaryClass = "nucl-th",
    doi = "10.1088/0954-3899/37/6/064005",
    journal = "J. Phys. G",
    volume = "37",
    pages = "064005",
    year = "2010"
}

@article{Furnstahl:2013oba,
	Archiveprefix = {arXiv},
	Author = {Furnstahl, R. J. and Hebeler, K.},
	Doi = {10.1088/0034-4885/76/12/126301},
	Eprint = {1305.3800},
	Journal = {Rept. Prog. Phys.},
	Pages = {126301},
	Primaryclass = {nucl-th},
	Slaccitation = {%%CITATION = ARXIV:1305.3800;%%},
	Title = {{New applications of renormalization group methods in nuclear physics}},
	Volume = {76},
	Year = {2013},
	Bdsk-Url-1 = {http://dx.doi.org/10.1088/0034-4885/76/12/126301}}

@article{Furumoto:2019anr,
      author         = "Furumoto, T. and Tsubakihara, K. and Ebata, S. and
                        Horiuchi, W.",
      title          = "{Microscopic global optical potential for nucleon-nucleus
                        systems in the energy range 50–400 MeV}",
      journal        = "Phys. Rev. C",
      volume         = "99",
      year           = "2019",
      number         = "3",
      pages          = "034605",
      doi            = "10.1103/PhysRevC.99.034605",
      SLACcitation   = "%%CITATION = PHRVA,C99,034605;%%"
}

@article{Gennari:2017yez,
      author         = "Gennari, Michael and Vorabbi, Matteo and Calci, Angelo
                        and Navr\'atil, Petr",
      title          = "{Microscopic optical potentials derived from ab initio
                        translationally invariant nonlocal one-body densities}",
      journal        = "Phys. Rev. C",
      volume         = "97",
      year           = "2018",
      number         = "3",
      pages          = "034619",
      doi            = "10.1103/PhysRevC.97.034619",
      eprint         = "1712.02879",
      archivePrefix  = "arXiv",
      primaryClass   = "nucl-th",
      SLACcitation   = "%%CITATION = ARXIV:1712.02879;%%"
}

@article{Gezerlis:2014zia,
      author         = "Gezerlis, A. and Tews, I. and Epelbaum, E. and Freunek,
                        M. and Gandolfi, S. and Hebeler, K. and Nogga, A. and
                        Schwenk, A.",
      title          = "{Local chiral effective field theory interactions and
                        quantum Monte Carlo applications}",
      journal        = "Phys. Rev. C",
      volume         = "90",
      year           = "2014",
      number         = "5",
      pages          = "054323",
      doi            = "10.1103/PhysRevC.90.054323",
      eprint         = "1406.0454",
      archivePrefix  = "arXiv",
      primaryClass   = "nucl-th",
      reportNumber   = "LA-UR-14-23894",
      SLACcitation   = "%%CITATION = ARXIV:1406.0454;%%"
}

@book{Boffi:1996ikg,
    author = "Boffi, Sigfrido and Giusti, Carlotta and Pacati, Franco davide and Radici, Marco",
    title = "{Electromagnetic Response of Atomic Nuclei}",
    isbn = "978-0-19-851774-0",
    publisher = "Clarendon Press",
    address = "Oxford UK",
    series = "Oxford Studies in Nuclear Physics",
    volume = "20",
    year = "1996"
}

@inproceedings{Giusti:2017pmh,
    author = "Giusti, Carlotta",
    title = "{From (e,e'p) to Neutrino Scattering}",
    booktitle = "{International Workshop on (e, e'p) Processes}",
    eprint = "1709.10014",
    archivePrefix = "arXiv",
    primaryClass = "nucl-th",
    month = "9",
    year = "2017"
}

@article{Glazek:1993rc,
    author = "Glazek, Stanislaw D. and Wilson, Kenneth G.",
    title = "{Renormalization of Hamiltonians}",
    reportNumber = "IFT-6-93",
    doi = "10.1103/PhysRevD.48.5863",
    journal = "Phys. Rev. D",
    volume = "48",
    pages = "5863--5872",
    year = "1993"
}

@article{Glazek:1994qc,
    author = "Glazek, Stanislaw D. and Wilson, K. G.",
    title = "{Perturbative renormalization group for Hamiltonians}",
    doi = "10.1103/PhysRevD.49.4214",
    journal = "Phys. Rev. D",
    volume = "49",
    pages = "4214--4218",
    year = "1994"
}

@article{Glazek:2008pg,
      author         = "Glazek, Stanislaw D. and Perry, Robert J.",
      title          = "{The impact of bound states on similarity renormalization
                        group transformations}",
      journal        = "Phys. Rev. D",
      volume         = "78",
      year           = "2008",
      pages          = "045011",
      doi            = "10.1103/PhysRevD.78.045011",
      eprint         = "0803.2911",
      archivePrefix  = "arXiv",
      primaryClass   = "nucl-th",
      reportNumber   = "IFT-04-08",
      SLACcitation   = "%%CITATION = ARXIV:0803.2911;%%"
}

@article{Gysbers:2019uyb,
      author         = "Gysbers, P. and others",
      title          = "{Discrepancy between experimental and theoretical
                        $\beta$-decay rates resolved from first principles}",
      journal        = "Nature Physics",
      year           = "2019",
      doi            = "10.1038/s41567-019-0450-7",
      eprint         = "1903.00047",
      archivePrefix  = "arXiv",
      primaryClass   = "nucl-th",
      SLACcitation   = "%%CITATION = ARXIV:1903.00047;%%"
}

@article{Hammer:2019poc,
    author = "Hammer, H.-W. and K{\"o}nig, S. and van Kolck, U.",
    title = "{Nuclear effective field theory: status and perspectives}",
    eprint = "1906.12122",
    archivePrefix = "arXiv",
    primaryClass = "nucl-th",
    month = "4",
    year = "2019"
}

@article{Hebeler:2010xb,
      author         = "Hebeler, K. and Bogner, S. K. and Furnstahl, R. J. and
                        Nogga, A. and Schwenk, A.",
      title          = "{Improved nuclear matter calculations from chiral
                        low-momentum interactions}",
      journal        = "Phys. Rev. C",
      volume         = "83",
      year           = "2011",
      pages          = "031301",
      doi            = "10.1103/PhysRevC.83.031301",
      eprint         = "1012.3381",
      archivePrefix  = "arXiv",
      primaryClass   = "nucl-th",
      SLACcitation   = "%%CITATION = ARXIV:1012.3381;%%"
}


@article{Hergert:2009na,
      author         = "Hergert, H. and Roth, R.",
      title          = "{Treatment of the Intrinsic Hamiltonian in
                        Particle-Number Nonconserving Theories}",
      journal        = "Phys. Lett. B",
      volume         = "682",
      year           = "2009",
      pages          = "27-32",
      doi            = "10.1016/j.physletb.2009.10.100",
      eprint         = "0908.1334",
      archivePrefix  = "arXiv",
      primaryClass   = "nucl-th",
      reportNumber   = "INT-PUB-09-040",
      SLACcitation   = "%%CITATION = ARXIV:0908.1334;%%"
}

@article{Hergert:2013vag,
      author         = "Hergert, H. and Binder, S. and Calci, A. and Langhammer,
                        J. and Roth, R.",
      title          = "{Ab Initio Calculations of Even Oxygen Isotopes with
                        Chiral Two-Plus-Three-Nucleon Interactions}",
      journal        = "Phys. Rev. Lett.",
      volume         = "110",
      year           = "2013",
      number         = "24",
      pages          = "242501",
      doi            = "10.1103/PhysRevLett.110.242501",
      eprint         = "1302.7294",
      archivePrefix  = "arXiv",
      primaryClass   = "nucl-th",
      SLACcitation   = "%%CITATION = ARXIV:1302.7294;%%"
}

@article{Hergert:2015awm,
      author         = "Hergert, H. and Bogner, S. K. and Morris, T. D. and
                        Schwenk, A. and Tsukiyama, K.",
      title          = "{The In-Medium Similarity Renormalization Group: A Novel
                        Ab Initio Method for Nuclei}",
      journal        = "Phys. Rept.",
      volume         = "621",
      year           = "2016",
      pages          = "165-222",
      doi            = "10.1016/j.physrep.2015.12.007",
      eprint         = "1512.06956",
      archivePrefix  = "arXiv",
      primaryClass   = "nucl-th",
      SLACcitation   = "%%CITATION = ARXIV:1512.06956;%%"
}

@article{Hergert:2016etg,
      author         = "Hergert, H.",
      title          = "{In-Medium Similarity Renormalization Group for Closed
                         and Open-Shell Nuclei}",
      journal        = "Phys. Scripta",
      volume         = "92",
      year           = "2017",
      number         = "2",
      pages          = "023002",
      doi            = "10.1088/1402-4896/92/2/023002",
      eprint         = "1607.06882",
      archivePrefix  = "arXiv",
      primaryClass   = "nucl-th",
      SLACcitation   = "%%CITATION = ARXIV:1607.06882;%%"
}

@article{Hergert:2016iju,
      author         = "Hergert, Heiko and Bogner, Scott K. and Lietz, Justin G.
                        and Morris, Titus D. and Novario, Samuel and Parzuchowski,
                        Nathan M. and Yuan, Fei",
      title          = "{In-Medium Similarity Renormalization Group Approach to
                        the Nuclear Many-Body Problem}",
      journal        = "Lect. Notes Phys.",
      volume         = "936",
      year           = "2017",
      pages          = "477-570",
      doi            = "10.1007/978-3-319-53336-0_10",
      eprint         = "1612.08315",
      archivePrefix  = "arXiv",
      primaryClass   = "nucl-th",
      SLACcitation   = "%%CITATION = ARXIV:1612.08315;%%"
}

@article{Hergert:2020bxy,
    author = "Hergert, H.",
    title = "{A Guided Tour of $ab$ $initio$ Nuclear Many-Body Theory}",
    eprint = "2008.05061",
    archivePrefix = "arXiv",
    primaryClass = "nucl-th",
    reportNumber = "INT-PUB-20-032",
    doi = "10.3389/fphy.2020.00379",
    journal = "Front. in Phys.",
    volume = "8",
    pages = "379",
    year = "2020"
}
@article{Hodgson:1971ab,
      doi = {10.1088/0034-4885/34/2/306},
      url = {https://doi.org/10.1088%2F0034-4885%2F34%2F2%2F306},
      year = 1971,
      month = {may},
      publisher = {{IOP} Publishing},
      volume = {34},
      number = {2},
      pages = {765--819},
      author = {Hodgson, P. E.},
      title = "{The nuclear optical model}",
      journal = {Reports on Progress in Physics},
}

@article{Holt:2013tna,
      author         = "Holt, J. W. and Kaiser, N. and Miller, G. A. and Weise,
                        W.",
      title          = "{Microscopic optical potential from chiral nuclear
                        forces}",
      journal        = "Phys. Rev. C",
      volume         = "88",
      year           = "2013",
      pages          = "024614",
      doi            = "10.1103/PhysRevC.88.024614",
      eprint         = "1304.3175",
      archivePrefix  = "arXiv",
      primaryClass   = "nucl-th",
      SLACcitation   = "%%CITATION = ARXIV:1304.3175;%%"
}

@article{Idini:2019hkq,
      author         = "Idini, A. and Barbieri, C. and Navr\'atil, P.",
      title          = "{Ab initio optical potentials and nucleon scattering on
                        medium mass nuclei}",
      year           = "2019",
      eprint         = "1903.04581",
      archivePrefix  = "arXiv",
      primaryClass   = "nucl-th",
      SLACcitation   = "%%CITATION = ARXIV:1903.04581;%%"
}

@article{Jeukenne:1977zz,
      author         = "Jeukenne, J. P. and Lejeune, A. and Mahaux, C.",
      title          = "{Optical-model potential in finite nuclei from Reid's
                        hard core interaction}",
      journal        = "Phys. Rev. C",
      volume         = "16",
      year           = "1977",
      pages          = "80-96",
      doi            = "10.1103/PhysRevC.16.80",
      SLACcitation   = "%%CITATION = PHRVA,C16,80;%%"
}

@article{Johnson:2017uor,
    author = "Johnson, Calvin W.",
    title = "{Tracing the evolution of nuclear forces under the similarity renormalization group}",
    eprint = "1708.02601",
    archivePrefix = "arXiv",
    primaryClass = "nucl-th",
    doi = "10.1016/j.physletb.2017.10.011",
    journal = "Phys. Lett. B",
    volume = "774",
    pages = "465--469",
    year = "2017"
}

@article{Jurgenson:2007td,
      author         = "Jurgenson, E. D. and Bogner, S. K. and Furnstahl, R. J.
                        and Perry, R. J.",
      title          = "{Decoupling in the Similarity Renormalization Group for
                        Nucleon-Nucleon Forces}",
      journal        = "Phys. Rev. C",
      volume         = "78",
      year           = "2008",
      pages          = "014003",
      doi            = "10.1103/PhysRevC.78.014003",
      eprint         = "0711.4252",
      archivePrefix  = "arXiv",
      primaryClass   = "nucl-th",
      SLACcitation   = "%%CITATION = ARXIV:0711.4252;%%"
}

@article{Jurgenson:2008jp,
      author         = "Jurgenson, E. D. and Furnstahl, R. J.",
      title          = "{Similarity Renormalization Group Evolution of Many-Body
                        Forces in a One-Dimensional Model}",
      journal        = "Nucl. Phys. A",
      volume         = "818",
      year           = "2009",
      pages          = "152-173",
      doi            = "10.1016/j.nuclphysa.2008.12.007",
      eprint         = "0809.4199",
      archivePrefix  = "arXiv",
      primaryClass   = "nucl-th",
      SLACcitation   = "%%CITATION = ARXIV:0809.4199;%%"
}

@article{Jurgenson:2009qs,
      author         = "Jurgenson, E. D. and Navr\'atil, P. and Furnstahl, R. J.",
      title          = "{Evolution of Nuclear Many-Body Forces with the
                        Similarity Renormalization Group}",
      journal        = "Phys. Rev. Lett.",
      volume         = "103",
      year           = "2009",
      pages          = "082501",
      doi            = "10.1103/PhysRevLett.103.082501",
      eprint         = "0905.1873",
      archivePrefix  = "arXiv",
      primaryClass   = "nucl-th",
      reportNumber   = "LLNL-JRNL-412933",
      SLACcitation   = "%%CITATION = ARXIV:0905.1873;%%"
}

@article{Kerman:1959fr,
      author         = "Kerman, A. K. and McManus, H. and Thaler, R. M.",
      title          = "{The Scattering of fast nucleons from nuclei}",
      journal        = "Annals Phys.",
      volume         = "8",
      year           = "1959",
      pages          = "551-635",
      doi            = "10.1016/0003-4916(59)90076-4",
      note           = "[Annals Phys.281,853(2000)]",
      SLACcitation   = "%%CITATION = APNYA,8,551;%%"
}

@article{King:2018vzw,
      author         = "King, G. B. and Lovell, A. E. and Nunes, F. M.",
      title          = "{Uncertainty quantification due to optical potentials in
                        models for (d,p) reactions}",
      journal        = "Phys. Rev. C",
      volume         = "98",
      year           = "2018",
      number         = "4",
      pages          = "044623",
      doi            = "10.1103/PhysRevC.98.044623",
      eprint         = "1810.06129",
      archivePrefix  = "arXiv",
      primaryClass   = "nucl-th",
      SLACcitation   = "%%CITATION = ARXIV:1810.06129;%%"
}

@article{Koning:2003zz,
      author         = "Koning, A. J. and Delaroche, J. P.",
      title          = "{Local and global nucleon optical models from 1 keV to
                        200 MeV}",
      journal        = "Nucl. Phys. A",
      volume         = "713",
      year           = "2003",
      pages          = "231-310",
      doi            = "10.1016/S0375-9474(02)01321-0",
      SLACcitation   = "%%CITATION = NUPHA,A713,231;%%"
}


@article{Launey:2013ysa,
      author         = "Launey, K. D. and Sarbadhicary, S. and Dytrych, T. and
                        Draayer, J. P.",
      title          = "{Program in C for studying characteristic properties of
                        two-body interactions in the framework of spectral
                        distribution theory}",
      journal        = "Comput. Phys. Commun.",
      volume         = "185",
      year           = "2014",
      pages          = "254-267",
      doi            = "10.1016/j.cpc.2013.08.007",
      eprint         = "1308.5963",
      archivePrefix  = "arXiv",
      primaryClass   = "nucl-th",
      SLACcitation   = "%%CITATION = ARXIV:1308.5963;%%"
}

@article{Magnus:1954zz,
      author         = "Magnus, Wilhelm",
      title          = "{On the exponential solution of differential equations
                        for a linear operator}",
      journal        = "Commun. Pure Appl. Math.",
      volume         = "7",
      year           = "1954",
      pages          = "649-673",
      doi            = "10.1002/cpa.3160070404",
      SLACcitation   = "%%CITATION = CPAMA,7,649;%%"
}

@article{Miller:2018mfb,
    author = "Miller, G.A. and Beck, A. and May-Tal Beck, S. and Weinstein, L.B. and Piasetzky, E. and Hen, O.",
    title = "{Can Long-Range Nuclear Properties Be Influenced By Short Range Interactions? A chiral dynamics estimate}",
    eprint = "1805.12099",
    archivePrefix = "arXiv",
    primaryClass = "nucl-th",
    reportNumber = "NT@UW-17-20",
    doi = "10.1016/j.physletb.2019.05.010",
    journal = "Phys. Lett. B",
    volume = "793",
    pages = "360--364",
    year = "2019"
}

@article{Miller:2020eyc,
    author = "Miller, Gerald A.",
    title = "{Discovery vs. Precision in Nuclear Physics- A Tale of Three Scales}",
    eprint = "2008.06524",
    archivePrefix = "arXiv",
    primaryClass = "nucl-th",
    reportNumber = "NT@UW-20-06",
    month = "8",
    year = "2020"
}

@article{More:2015tpa,
      author         = "More, S. N. and K{\"o}nig, S. and Furnstahl, R. J. and
                        Hebeler, K.",
      title          = "{Deuteron electrodisintegration with unitarily evolved
						potentials}",
      journal        = "Phys. Rev. C",
      volume         = "92",
      year           = "2015",
      number         = "6",
      pages          = "064002",
      doi            = "10.1103/PhysRevC.92.064002",
      eprint         = "1510.04955",
      archivePrefix  = "arXiv",
      primaryClass   = "nucl-th",
      SLACcitation   = "%%CITATION = ARXIV:1510.04955;%%"
}

@article{More:2017syr,
      author         = "More, Sushant N. and Bogner, Scott K. and Furnstahl,
                        Richard J.",
      title          = "{Scale dependence of deuteron electrodisintegration}",
      journal        = "Phys. Rev. C",
      volume         = "96",
      year           = "2017",
      number         = "5",
      pages          = "054004",
      doi            = "10.1103/PhysRevC.96.054004",
      eprint         = "1708.03315",
      archivePrefix  = "arXiv",
      primaryClass   = "nucl-th",
      SLACcitation   = "%%CITATION = ARXIV:1708.03315;%%"
}

@article{Moro:2018mdk,
    author = "Moro, Antonio M.",
    editor = "Gramegna, Fabiana and Piet Van Duppen, Andrea Vitturi, Sara Pirrone and Van Duppen, Piet and Vitturi, Andrea and Pirrone, Sara",
    title = "{Models for nuclear reactions with weakly bound systems}",
    eprint = "1807.04349",
    archivePrefix = "arXiv",
    primaryClass = "nucl-th",
    doi = "10.3254/978-1-61499-957-7-129",
    journal = "Proc. Int. Sch. Phys. Fermi",
    volume = "201",
    pages = "129--207",
    year = "2019"
}

@article{Morris:2015yna,
      author         = "Morris, T. D. and Parzuchowski, N. and Bogner, S. K.",
      title          = "{Magnus expansion and in-medium similarity
                        renormalization group}",
      journal        = "Phys. Rev. C",
      volume         = "92",
      year           = "2015",
      number         = "3",
      pages          = "034331",
      doi            = "10.1103/PhysRevC.92.034331",
      eprint         = "1507.06725",
      archivePrefix  = "arXiv",
      primaryClass   = "nucl-th",
      SLACcitation   = "%%CITATION = ARXIV:1507.06725;%%"
}

@article{Nazarewicz:2016gyu,
      author         = "Nazarewicz, Witold",
      title          = "{Challenges in Nuclear Structure Theory}",
      journal        = "J. Phys. G",
      volume         = "43",
      year           = "2016",
      number         = "4",
      pages          = "044002",
      doi            = "10.1088/0954-3899/43/4/044002",
      eprint         = "1603.02490",
      archivePrefix  = "arXiv",
      primaryClass   = "nucl-th",
      SLACcitation   = "%%CITATION = ARXIV:1603.02490;%%"
}

@article{Feldmeier:2011qy,
    author = "Feldmeier, H. and Horiuchi, W. and Neff, T. and Suzuki, Y.",
    title = "{Universality of short-range nucleon-nucleon correlations}",
    eprint = "1107.4956",
    archivePrefix = "arXiv",
    primaryClass = "nucl-th",
    doi = "10.1103/PhysRevC.84.054003",
    journal = "Phys. Rev. C",
    volume = "84",
    pages = "054003",
    year = "2011"
}

@article{Horiuchi:2013fza,
    author = "Horiuchi, W. and Feldmeier, H. and Neff, T. and Suzuki, Y.",
    title = "{Universality of short-range nucleon-nucleon correlations in nuclei}",
    doi = "10.1007/s00601-012-0341-2",
    journal = "Few Body Syst.",
    volume = "54",
    pages = "279--282",
    year = "2013"
}

@article{Neff:2015xda,
    author = "Neff, Thomas and Feldmeier, Hans and Horiuchi, Wataru",
    title = "{Short-range correlations in nuclei with similarity renormalization group transformations}",
    eprint = "1506.02237",
    archivePrefix = "arXiv",
    primaryClass = "nucl-th",
    doi = "10.1103/PhysRevC.92.024003",
    journal = "Phys. Rev. C",
    volume = "92",
    number = "2",
    pages = "024003",
    year = "2015"
}

@article{Nogga:2005hy,
      author         = "Nogga, A. and Timmermans, R. G. E. and van Kolck, U.",
      title          = "{Renormalization of one-pion exchange and power
                        counting}",
      journal        = "Phys. Rev. C",
      volume         = "72",
      year           = "2005",
      pages          = "054006",
      doi            = "10.1103/PhysRevC.72.054006",
      eprint         = "nucl-th/0506005",
      archivePrefix  = "arXiv",
      primaryClass   = "nucl-th",
      reportNumber   = "FZJ-IKP-TH-2005-19",
      SLACcitation   = "%%CITATION = NUCL-TH/0506005;%%"
}

@article{Parzuchowski:2017wcq,
      author         = "Parzuchowski, N. M. and Stroberg, S. R. and Navr\'atil, P.
                        and Hergert, H. and Bogner, S. K.",
      title          = "{Ab initio electromagnetic observables with the in-medium
                        similarity renormalization group}",
      journal        = "Phys. Rev. C",
      volume         = "96",
      year           = "2017",
      number         = "3",
      pages          = "034324",
      doi            = "10.1103/PhysRevC.96.034324",
      eprint         = "1705.05511",
      archivePrefix  = "arXiv",
      primaryClass   = "nucl-th",
      SLACcitation   = "%%CITATION = ARXIV:1705.05511;%%"
}


@article{Perey:1976zz,
      author         = "Perey, C. M. and Perey, F. G.",
      title          = "{Compilation of phenomenological optical-model parameters
                        1954-1975}",
      journal        = "Atom. Data Nucl. Data Tabl.",
      volume         = "17",
      year           = "1976",
      pages          = "1-101",
      doi            = "10.1016/0092-640X(76)90007-3",
      SLACcitation   = "%%CITATION = ADNDA,17,1;%%"
}

@article{Piarulli:2014bda,
      author         = "Piarulli, M. and Girlanda, L. and Schiavilla, R. and
                        Navarro P\'erez, R. and Amaro, J. E. and Ruiz Arriola, E.",
      title          = "{Minimally nonlocal nucleon-nucleon potentials with
                        chiral two-pion exchange including $\Delta$ resonances}",
      journal        = "Phys. Rev.",
      volume         = "C91",
      year           = "2015",
      number         = "2",
      pages          = "024003",
      doi            = "10.1103/PhysRevC.91.024003",
      eprint         = "1412.6446",
      archivePrefix  = "arXiv",
      primaryClass   = "nucl-th",
      reportNumber   = "JLAB-THY-14-1993",
      SLACcitation   = "%%CITATION = ARXIV:1412.6446;%%"
}

@article{Reinert:2017usi,
      author         = "Reinert, P. and Krebs, H. and Epelbaum, E.",
      title          = "{Semilocal momentum-space regularized chiral two-nucleon
                        potentials up to fifth order}",
      journal        = "Eur. Phys. J. A",
      volume         = "54",
      year           = "2018",
      number         = "5",
      pages          = "86",
      doi            = "10.1140/epja/i2018-12516-4",
      eprint         = "1711.08821",
      archivePrefix  = "arXiv",
      primaryClass   = "nucl-th",
      SLACcitation   = "%%CITATION = ARXIV:1711.08821;%%"
}

@article{Rotureau:2016jpf,
      author         = "Rotureau, J. and Danielewicz, P. and Hagen, G. and Nunes,
                        F. and Papenbrock, T.",
      title          = "{Optical potential from first principles}",
      journal        = "Phys. Rev. C",
      volume         = "95",
      year           = "2017",
      number         = "2",
      pages          = "024315",
      doi            = "10.1103/PhysRevC.95.024315",
      eprint         = "1611.04554",
      archivePrefix  = "arXiv",
      primaryClass   = "nucl-th",
      SLACcitation   = "%%CITATION = ARXIV:1611.04554;%%"
}

@article{Schiavilla:2006xx,
    author = "Schiavilla, R. and Wiringa, Robert B. and Pieper, Steven C. and Carlson, J.",
    title = "{Tensor Forces and the Ground-State Structure of Nuclei}",
    eprint = "nucl-th/0611037",
    archivePrefix = "arXiv",
    reportNumber = "JLAB-THY-06-562",
    doi = "10.1103/PhysRevLett.98.132501",
    journal = "Phys. Rev. Lett.",
    volume = "98",
    pages = "132501",
    year = "2007"
}


@article{Schuster:2013sda,
    author = "Schuster, Micah D. and Quaglioni, Sofia and Johnson, Calvin W. and Jurgenson, Eric D. and Navr\'atil, Petr",
    title = "{Operator evolution for ab initio electric dipole transitions of 4He}",
    eprint = "1304.5491",
    archivePrefix = "arXiv",
    primaryClass = "nucl-th",
    reportNumber = "LLNL-JRNL-629273-DRAFT, LLNL-JRNL-668055",
    doi = "10.1103/PhysRevC.92.014320",
    journal = "Phys. Rev. C",
    volume = "92",
    number = "1",
    pages = "014320",
    year = "2015"
}

@article{Schuster:2014lga,
    author = "Schuster, Micah D and Quaglioni, Sofia and Johnson, Calvin W. and Jurgenson, Eric D. and Navr\'atil, Petr",
    title = "{Operator evolution for ab initio nuclear theory}",
    eprint = "1402.7106",
    archivePrefix = "arXiv",
    primaryClass = "nucl-th",
    reportNumber = "LLNL-JRNL-650041",
    doi = "10.1103/PhysRevC.90.011301",
    journal = "Phys. Rev. C",
    volume = "90",
    number = "1",
    pages = "011301",
    year = "2014"
}

@article{Stroberg:2019mxo,
      author         = "Stroberg, S. Ragnar and Bogner, Scott K. and Hergert,
                        Heiko and Holt, Jason D.",
      title          = "{Non-Empirical Interactions for the Nuclear Shell Model:
                        An Update}",
      journal        = "Ann. Rev. Nucl. Part. Sci.",
      volume         = "69",
      year           = "2019",
      pages          = "307-362",
      doi            = "10.1146/annurev-nucl-101917-021120",
      eprint         = "1902.06154",
      archivePrefix  = "arXiv",
      primaryClass   = "nucl-th",
      SLACcitation   = "%%CITATION = ARXIV:1902.06154;%%"
}

@article{Sviratcheva:2007bp,
      author         = "Sviratcheva, K. D. and Draayer, J. P. and Vary, J. P.",
      title          = "{Global Properties of fp-Shell Interactions in
                        Many-nucleon Systems}",
      journal        = "Nucl. Phys.",
      volume         = "A786",
      year           = "2007",
      pages          = "31-46",
      doi            = "10.1016/j.nuclphysa.2007.01.087",
      eprint         = "nucl-th/0703076",
      archivePrefix  = "arXiv",
      primaryClass   = "nucl-th",
      reportNumber   = "UCRL-JRNL-222549, SLAC-PUB-11903",
      SLACcitation   = "%%CITATION = NUCL-TH/0703076;%%"
}

@article{Szpigel:2016rbt,
    author = "Szpigel, S. and Tim\'oteo, V.S. and Arriola, E.Ruiz",
    title = "{Block-diagonal similarity renormalization group and effective nucleon-nucleon interactions}",
    doi = "10.1088/1742-6596/706/5/052034",
    journal = "J. Phys. Conf. Ser.",
    volume = "706",
    number = "5",
    pages = "052034",
    year = "2016"
}

@article{Tews:2018sbi,
      author         = "Tews, I. and Huth, L. and Schwenk, A.",
      title          = "{Large-cutoff behavior of local chiral effective field
                        theory interactions}",
      journal        = "Phys. Rev. C",
      volume         = "98",
      year           = "2018",
      number         = "2",
      pages          = "024001",
      doi            = "10.1103/PhysRevC.98.024001",
      eprint         = "1806.00233",
      archivePrefix  = "arXiv",
      primaryClass   = "nucl-th",
      reportNumber   = "INT-PUB-18-030",
      SLACcitation   = "%%CITATION = ARXIV:1806.00233;%%"
}

@article{Timoteo:2011tt,
      author         = "Tim\'oteo, V. S. and Szpigel, S. and Ruiz Arriola, E.",
      title          = "{Symmetries of the Similarity Renormalization Group for
                        Nuclear Forces}",
      journal        = "Phys. Rev. C",
      volume         = "86",
      year           = "2012",
      pages          = "034002",
      doi            = "10.1103/PhysRevC.86.034002",
      eprint         = "1108.1162",
      archivePrefix  = "arXiv",
      primaryClass   = "nucl-th",
      SLACcitation   = "%%CITATION = ARXIV:1108.1162;%%"
}

@article{Tostevin:2014usa,
    author = "Tostevin, J.A. and Gade, A.",
    title = "{Systematics of intermediate-energy single-nucleon removal cross sections}",
    eprint = "1409.6576",
    archivePrefix = "arXiv",
    primaryClass = "nucl-th",
    doi = "10.1103/PhysRevC.90.057602",
    journal = "Phys. Rev. C",
    volume = "90",
    number = "5",
    pages = "057602",
    year = "2014"
}

@article{vanKolck:2020llt,
    author = "van Kolck, U.",
    title = "{The Problem of Renormalization of Chiral Nuclear Forces}",
    eprint = "2003.06721",
    archivePrefix = "arXiv",
    primaryClass = "nucl-th",
    doi = "10.3389/fphy.2020.00079",
    journal = "Front. in Phys.",
    volume = "8",
    pages = "79",
    year = "2020"
}

@article{Vorabbi:2015nra,
      author         = "Vorabbi, M. and Finelli, P. and Giusti, C.",
      title          = "{Theoretical Optical Potential Derived From
                        Nucleon-Nucleon Chiral Potentials}",
      journal        = "Phys. Rev. C",
      volume         = "93",
      year           = "2016",
      number         = "3",
      pages          = "034619",
      doi            = "10.1103/PhysRevC.93.034619",
      eprint         = "1510.05928",
      archivePrefix  = "arXiv",
      primaryClass   = "nucl-th",
      SLACcitation   = "%%CITATION = ARXIV:1510.05928;%%"
}

@article{Wegner:1994ab,
      author = "Wegner, Franz",
      title = "{Flow-equations for Hamiltonians}",
      journal = "Annalen der Physik",
      volume = "506",
      number = "2",
      pages = "77-91",
      year = "1994",
      doi = "10.1002/andp.19945060203",
      url = "https://onlinelibrary.wiley.com/doi/abs/10.1002/andp.19945060203",
}

@article{Wegner:2001ab,
      author = "Wegner, Franz",
      title = "{Flow equations for Hamiltonians}",
      journal = "Physics Reports",
      volume = "348",
      number = "1",
      pages = "77 - 89",
      year = "2001",
      issn = "0370-1573",
      doi = "https://doi.org/10.1016/S0370-1573(00)00136-8",
      url = "http://www.sciencedirect.com/science/article/pii/S0370157300001368",
}

@article{Weiss:2015mba,
    author = "Weiss, Ronen and Bazak, Betzalel and Barnea, Nir",
    title = "{Generalized nuclear contacts and momentum distributions}",
    eprint = "1503.07047",
    archivePrefix = "arXiv",
    primaryClass = "nucl-th",
    doi = "10.1103/PhysRevC.92.054311",
    journal = "Phys. Rev. C",
    volume = "92",
    number = "5",
    pages = "054311",
    year = "2015"
}

@article{Wendt:2011qj,
      author         = "Wendt, K. A. and Furnstahl, R. J. and Perry, R. J.",
      title          = "{Decoupling of Spurious Deep Bound States with the
                        Similarity Renormalization Group}",
      journal        = "Phys. Rev. C",
      volume         = "83",
      year           = "2011",
      pages          = "034005",
      doi            = "10.1103/PhysRevC.83.034005",
      eprint         = "1101.2690",
      archivePrefix  = "arXiv",
      primaryClass   = "nucl-th",
      SLACcitation   = "%%CITATION = ARXIV:1101.2690;%%"
}

@article{Whitehead:2018bfs,
      author         = "Whitehead, T. R. and Lim, Y. and Holt, J. W.",
      title          = "{Proton elastic scattering on calcium isotopes from
                        chiral nuclear optical potentials}",
      journal        = "Phys. Rev. C",
      volume         = "100",
      year           = "2019",
      number         = "1",
      pages          = "014601",
      doi            = "10.1103/PhysRevC.100.014601",
      eprint         = "1812.08725",
      archivePrefix  = "arXiv",
      primaryClass   = "nucl-th",
      SLACcitation   = "%%CITATION = ARXIV:1812.08725;%%"
}

@article{Pieper:2001mp,
    author = "Pieper, Steven C. and Wiringa, Robert B.",
    title = "{Quantum Monte Carlo calculations of light nuclei}",
    eprint = "nucl-th/0103005",
    archivePrefix = "arXiv",
    doi = "10.1146/annurev.nucl.51.101701.132506",
    journal = "Ann. Rev. Nucl. Part. Sci.",
    volume = "51",
    pages = "53--90",
    year = "2001"
}

@article{Carlson:2014vla,
    author = "Carlson, J. and Gandolfi, S. and Pederiva, F. and Pieper, Steven C. and Schiavilla, R. and Schmidt, K. E. and Wiringa, R. B.",
    title = "{Quantum Monte Carlo methods for nuclear physics}",
    eprint = "1412.3081",
    archivePrefix = "arXiv",
    primaryClass = "nucl-th",
    reportNumber = "LA-UR-14-29251, JLAB-THY-14-1989",
    doi = "10.1103/RevModPhys.87.1067",
    journal = "Rev. Mod. Phys.",
    volume = "87",
    pages = "1067",
    year = "2015"
}


@misc{Wiringa:single_distributions,
    title = {Single-nucleon momentum distributions},
    author = {Wiringa, R.B.},
    year = "last updated: September 18, 2020",
    url- = {https://www.phy.anl.gov/theory/research/momenta/},
    note = {\href{https://www.phy.anl.gov/theory/research/momenta/}{https://www.phy.anl.gov/theory/research/momenta/}}
}


@misc{Wiringa:pair_distributions,
    title = {Two-nucleon momentum distributions},
    author = {Wiringa, R.B.},
    year = "last updated: July 30, 2019",
    url- = {https://www.phy.anl.gov/theory/research/momenta2/},
    note = {\href{https://www.phy.anl.gov/theory/research/momenta2/}{https://www.phy.anl.gov/theory/research/momenta/}}
}



@article{Negele:1972zp,
	Author = {Negele, J. W. and Vautherin, D.},
	Journal = {Phys. Rev. C},
	Pages = {1472-1493},
	Slaccitation = {%%CITATION = PHRVA,C5,1472;%%},
	Title = {Density-Matrix Expansion for an Effective Nuclear Hamiltonian},
	Volume = {5},
	Year = {1972}}

@article{Lonardoni:2017egu,
    author = "Lonardoni, D. and Lovato, A. and Pieper, Steven C. and Wiringa, R. B.",
    title = "{Variational calculation of the ground state of closed-shell nuclei up to $A=40$}",
    eprint = "1705.04337",
    archivePrefix = "arXiv",
    primaryClass = "nucl-th",
    reportNumber = "LA-UR-17-23856",
    doi = "10.1103/PhysRevC.96.024326",
    journal = "Phys. Rev. C",
    volume = "96",
    number = "2",
    pages = "024326",
    year = "2017"
}

@article{Wiringa:1994wb,
    author = "Wiringa, Robert B. and Stoks, V.G.J. and Schiavilla, R.",
    title = "{An Accurate nucleon-nucleon potential with charge independence breaking}",
    eprint = "nucl-th/9408016",
    archivePrefix = "arXiv",
    reportNumber = "PHY-7742-TH-94, CEBAF-TH-94-19",
    doi = "10.1103/PhysRevC.51.38",
    journal = "Phys. Rev. C",
    volume = "51",
    pages = "38--51",
    year = "1995"
}

@article{Wiringa:2013ala,
    author = "Wiringa, R.B. and Schiavilla, R. and Pieper, Steven C. and Carlson, J.",
    title = "{Nucleon and nucleon-pair momentum distributions in $A \le 12$ nuclei}",
    eprint = "1309.3794",
    archivePrefix = "arXiv",
    primaryClass = "nucl-th",
    reportNumber = "JLAB-THY-13-1789",
    doi = "10.1103/PhysRevC.89.024305",
    journal = "Phys. Rev. C",
    volume = "89",
    number = "2",
    pages = "024305",
    year = "2014"
}

@book{thompson_nunes_2009,
      author={Thompson, Ian J. and Nunes, Filomena M.},
      title={Nuclear Reactions for Astrophysics: Principles, Calculation and Applications of Low-Energy Reactions},
      year={2009},
      place={Cambridge},
      doi={10.1017/CBO9781139152150},
      publisher={Cambridge University Press},
}

@inproceedings{Furnstahl:2013dsa,
    author = "Furnstahl, R.J.",
    title = "{High-resolution probes of low-resolution nuclei}",
    booktitle = "{International Conference on Nuclear Theory in the Supercomputing Era}",
    eprint = "1309.5771",
    archivePrefix = "arXiv",
    primaryClass = "nucl-th",
    pages = "371",
    year = "2013"
}

@inproceedings{Tews:2020hgp,
    author = "Tews, Ingo and Davoudi, Zohreh and Ekstr{\"o}m, Andreas and Holt, Jason D. and Lynn, Joel E.",
    title = "{New Ideas in Constraining Nuclear Forces}",
    eprint = "2001.03334",
    archivePrefix = "arXiv",
    primaryClass = "nucl-th",
    reportNumber = "LA-UR-19-32540, UMD-PP-019-09",
    month = "1",
    year = "2020"
}

@comment{BibDesk Static Groups{
<?xml version="1.0" encoding="UTF-8"?>
<!DOCTYPE plist PUBLIC "-//Apple//DTD PLIST 1.0//EN" "http://www.apple.com/DTDs/PropertyList-1.0.dtd">
<plist version="1.0">
<array>
	<dict>
		<key>group name</key>
		<string>Ca &amp; Ni experiments</string>
		<key>keys</key>
		<string>Perru:2006dq,Aoi:2010cr,Recchia:2013kx,Zhu:2012tg,Gade:2014fk,Mueller:2000uq,Chiara:2012ys,Otsuka:2001bh,Suchyta:2014vn,Tsunoda:2014ve,Broda:2012zr,Mazzocchi:2005nx,Hakala:2008ij</string>
	</dict>
	<dict>
		<key>group name</key>
		<string>Chemistry Scattering</string>
		<key>keys</key>
		<string>Hoffman:1994uq,Kouri:1994kx,Kouri:1994vn,Huang:1996fk</string>
	</dict>
	<dict>
		<key>group name</key>
		<string>CoM Problem</string>
		<key>keys</key>
		<string>Tohyama:2004ys,Janis:2003ys,Bonitz:2007vn,Maecki:1975ys,Lipkin:1958kl,Baym:1962kx,Gartenhaus:1957fk,Bes:2001uq,Dobson:1994zr,Ernst:1973ve,Palumbo:1971bh</string>
	</dict>
	<dict>
		<key>group name</key>
		<string>DoE Proposal</string>
		<key>keys</key>
		<string>Jansen:2014qf,Benedikt:2013ez,Lahde:2014vn,Binder:2014fk,Majorovits:2015gd,Parrish:2013fe,Biller:2015bq,Epelbaum:2014kx,Cascella:2015pf,Furnstahl:2015sp,Binder:2015wd,Hagen:2010uq,Li:2015nq,Brown:2010xr,Hohenstein:2013qo,Wienholtz:2013bh,Benedikt:2011wj,Hartmann:2004fu,Rossi:2015yq,Jansen:2015pl,Ring:1980bb,Mumpower:2015fk,Patel:2012ff,Varshalovich:1988nj,Carlsson:2015fk,Rowe:1968eq,Hebeler:2011dq,Epelbaum:2009ve,Kreim:2014cr,Avogadro:2013xr,Chakraborty:2013dn,Cipollone:2013uq,Senkov:2013qa,Roth:2012qf,Entem:2015hl,Bogner:2014tg,Epelbaum:2015fb,Hergert:2013mi,Otsuka:2010cr,Caceres:2015fk,Evangelista:2014rq,Wang:2012uq,Hagen:2015ve,Taube:2008kx,Hebeler:2010bh,Paar:2006zf,Jansen:2013zr,Soma:2013ys,Hanauer:2011bh,Piecuch:2005dp,Berggren:1968hb,Griesshammer:2015dp,Savage:2015ai,Guenther:2010ge,Stroberg:2015qr,Gezerlis:2014zr,Erler:2012dz,Hebeler:2015qr,Hergert:2009zn,Li:2007fj,Hergert:2007ow,Roth:2011kx,Kolda:2009vf,Halko:2011cl,Carpenter:2013tp,Hohenstein:2012ez,Dikmen:2015fk,Signoracci:2015mz,Binder:2013zr,Twelker:2015mw,Vignati:2015qm,Machleidt:2011bh,Epelbaum:2012fv,Roth:2005kk,Tsunoda:2014fk,Roth:2006lr,Benedikt:2013by,Datta:2011cr,Papakonstantinou:2014ys,Roth:2004fj,Freedman:2013fr,Daniels:2015kx,Bogner:2015kx,Dickhoff:2004fk,Hergert:2015qd,Shavitt:2009,Edmonds:1957qt,Piekarewicz:2007dt,Tenconi:2015rp,Tsunoda:2014ve,Ekstrom:2013uq,Hagen:2014ve,Chiara:2015lt,Tsukiyama:2011uq,Hergert:2009wh,Liddick:2011mj,Entem:2015qf,Hergert:2014vn,Hagen:2012oq,Morris:2015ve,Reinhard:1999vy,Duguet:2015ye,Gallant:2012kx,Hohenstein:2012xq,Papakonstantinou:2012uq,Parrish:2014bq,Stoitsov:2010vn,Chiara:2012ys,Papakonstantinou:2015rp,Soma:2011vn,Blanes:2009fk,Peters:2013pq,Hergert:2013ij,Jurgenson:2009bs,Derya:2014fk,Colo:2014le,Hebeler:2012ly,Parrish:2013qq,Silva:2008oe,Mei:2012me,Li:2010jj,Hjorth-Jensen:1995ys,Weinberg:1996bb,Suchyta:2014vn,Bogner:2010pq,Lisetskiy:2008fk,Soma:2014fu,Holt:2014vn,Magnus:1954xy,Heyde:2011fx,Soma:2014eu,Michel:2009oz,Geesaman:2015bs,Hernando:2015gu,Suhonen:2007wo,Kortelainen:2014ez,Bender:2009lp,Ekstrom:2015fk,Blazkiewicz:2005vp,Hagen:2013fk,Haxton:1984kl,Evangelista:2011dq,Hergert:2011kx,Gruszko:2015nh,Sieja:2009ik,Parrish:2012os,Brown:2006fk,Umehara:2015zk,Lynn:2015eu,Hagen:2012nx</string>
	</dict>
	<dict>
		<key>group name</key>
		<string>Focus: Open Issues in Nuclear Reaction Theory</string>
		<key>keys</key>
		<string>Boselli:2014ve,Capel:2014bh,Fonseca:2014dq,Johnson:2014cr,Simenel:2014oq,Timofeyuk:2014kl,Witala:2014ij,Carlson:2014qf,Polyzou:2014nx,Thompson:2014tg,Weidenmuller:2014hc</string>
	</dict>
	<dict>
		<key>group name</key>
		<string>IM-SRG Physics Report</string>
		<key>keys</key>
		<string>Caurier:2005qf,Otsuka:2010cr,Peierls:1973fk,Holt:2005mi,Ring:1980bb,Furnstahl:2014vn,Wendt:2015zl,Hjorth-Jensen:1995ys,Holt:2014vn,Robledo:1994qf,Lahde:2014vn,Anderson:2010br,Bogner:2006qf,Entem:2003th,Peskin:1997az,Roth:2010ys,Hebeler:2012ly,Bartlett:1981zr,Navratil:2000hf,Kolling:2011bh,Kutzelnigg:1997fk,Soma:2014fu,Duguet:2015lq,Bogner:2010pq,Duguet:2012ys,Jurgenson:2013fk,Otsuka:2013vn,Entem:2015hl,Hergert:2013mi,Paar:2006zf,Song:2009ys,Lacroix:2012vn,Coester:1958dq,Soma:2014eu,Bender:2009rv,Gandolfi:2014rt,White:2002fk,Stetcu:2005qh,Piarulli:2013vn,Backman:1985xy,Hupin:2013uq,Rowe:1968eq,Pastore:2013nx,Roth:2012qf,Holt:2012fk,Roth:2009oh,Barrett:2013oq,Hergert:2009wh,Soma:2013ys,Duguet:2009ph,Langhammer:2012uq,Jansen:2014qf,Kamuntavicius:2001kr,Thouless:1960fk,Kuo:1967qf,Lacroix:2009aj,Binder:2014fk,More:2013bh,Epelbaum:2015fb,Pastore:2011dq,Shavitt:2009,Machleidt:2011bh,Hergert:2013ij,Baranger:1970bh,Binder:2013zr,Bogner:2007kt,Gloeckner:1974gb,Guenther:2010ge,Jurgenson:2009bs,Entem:2015qf,Bethe:1956zz,Hagen:2009fk,Kolling:2009yq,Kehrein:2006kx,Furnstahl:2012ys,Beringer:2012fk,Roth:2006lr,Weinberg:1996uf,Blanes:2009fk,Suhonen:2007wo,Carlson:2015lq,Stroberg:2015qr,Angeli:2004ts,Holt:2013cr,Ramanan:2007vn,Madrid:2005rt,Roth:2011kx,Brueckner:1955rw,Navratil:2007ve,Hagen:2012nx,Wienholtz:2013bh,Binder:2013fk,Cipollone:2013uq,Dobaczewski:2007hh,Yanai:2006uq,Coester:1960cr,Hagen:2010uq,Kolling:2012cr,Wang:2012uq,Taube:2008vn,Kamuntavicius:1997fk,Kuo:1990zr,Piarulli:2015rm,Sheikh:2000xx,Rozpedzik:2011qf,Rowe:1980vn,Tsukiyama:2011uq,Kuo:1981fk,Kuo:1966ij,Day:1967zl,Barbieri:2007fk,Carlsson:2015fk,Hebeler:2011dq,Bogner:2007od,Ekstrom:2015fk,Soma:2011vn,Evangelista:2012uq,Pastore:2008uq,Wegner:1994dk,Jansen:2015pl,Pastore:2009zr,Shepherd:2012hl,Dickhoff:2004fk,Orlandini:2011kl,Mukherjee:1997yg,Taube:2008kx,Zinn-Justin:2007kx,Epelbaum:2009ve,Holt:2013fk,Hagen:2014ve,Hergert:2014vn,Bogner:2014tg,Hagen:2012oq,Brown:2001rg,Holt:2013hc,Dikmen:2015fk,Anderson:2008hx,Brown:2010xr,Goldstone:1957zz,Hergert:2015qd,Duguet:2015ye,Fetter:2003ve,Morris:2015ve,Moshinsky:1959cp,Egido:1982sd,Furnstahl:2013zt,Hindmarsh:2005kl,Schuster:2014oq,Epelbaum:2014kx,Magnus:1954xy,Brandow:1967tg,Negele:1998ve,Glazek:1993il,Tsukiyama:2012fk,Roth:2014fk,Flocard:1997fx,Gazit:2009qf,Tobocman:1981uq</string>
	</dict>
	<dict>
		<key>group name</key>
		<string>Infinite Matter</string>
		<key>keys</key>
		<string>Than:2011kx,Sveshnikov:2013vn</string>
	</dict>
	<dict>
		<key>group name</key>
		<string>Interesting Computational Stuff</string>
		<key>keys</key>
		<string>Tamascelli:2015fk,Pederson:2015rt,Parrish:2013fe,McClean:2014ca,Szalay:2014ta,Casalino:2015ql,Briggs:2015fj,Belov:2015hz</string>
	</dict>
	<dict>
		<key>group name</key>
		<string>Isospectral Flow</string>
		<key>keys</key>
		<string>Chu:1995ys,Dirr:2008uq,Calvo:1997uq,Blanes:2009fk,Bach:2010zr,Chu:1994vn,Casas:2012kx,Calvo:1996fk,Casas:2004uq,Adams:1988vn,Brockett:1991kx,Adams:1990kx,Dieci:1994kx</string>
	</dict>
	<dict>
		<key>group name</key>
		<string>Reference Data</string>
		<key>keys</key>
		<string>Lepretre:1981uq,Isakov:2002bn,Vries:1987vo,Wright:1985vn,Audi:2002af,Dietrich:1988dq,Kibedi:2005tg,Raman:2001ve,Angeli:2004ts,Loveman:1987bh,Delaroche:2010nx,Stone:2005qf,Isakov:2004fk</string>
	</dict>
	<dict>
		<key>group name</key>
		<string>RPA extensions, Gambacurta/Catara/Grasso</string>
		<key>keys</key>
		<string>Gambacurta:2010uq,Gambacurta:2011vn,Gambacurta:2009fk,Gambacurta:2010zr</string>
	</dict>
	<dict>
		<key>group name</key>
		<string>RPAs</string>
		<key>keys</key>
		<string>Paar:2007ss,Paar:2004df,Papakonstantinou:2010oq,Paar:2003tr,Papakonstantinou:2007lu,Paar:2006zf,Barbieri:2006vq,Papakonstantinou:2009nx,Papakonstantinou:2011cr,Paar:2003ds,Garg:2007sj</string>
	</dict>
	<dict>
		<key>group name</key>
		<string>TALENT: Nuclear Forces</string>
		<key>keys</key>
		<string>Lepage:1989hf,Duff:2002dq,Morrison:2007cr,Holstein:2004hc,Machleidt:2010ys,Weinberg:1983bs,Weinberg:2009bg,Beane:2000fx,Furnstahl:2010ly,Kronfeld:2010oq,Furnstahl:2012fk,Hartmann:2001bh,Furnstahl:2010zr,Hjorth-Jensen:2010qf,Olness:2011nx,Holstein:1999tg,Zee:2010fv,Stetcu:2010ve,Kaplan:2005uq,Ecker:2006xd,Epelbaum:2010nr,Landau:2004lh,Delamotte:2004ij,Bhaduri:2011kl</string>
	</dict>
	<dict>
		<key>group name</key>
		<string>Teaching</string>
		<key>keys</key>
		<string>Araujo:2004dq,Bonneau:2001zr,Muller:2002lq,Vos:2002hb,Gieres:2000fv</string>
	</dict>
	<dict>
		<key>group name</key>
		<string>Tensor Hypercontraction</string>
		<key>keys</key>
		<string>Parrish:2014bq,Parrish:2012os,Parrish:2013fe,Hohenstein:2012ez,Parrish:2013jl,Hohenstein:2012xq,Hohenstein:2013qo</string>
	</dict>
	<dict>
		<key>group name</key>
		<string>Thouless</string>
		<key>keys</key>
		<string>Rowe:1980vn,Rosensteel:1981ys,Maranon:1987ys,Rosensteel:1998zr,Panin:2007ly,Rowe:1983vn,Wouters:2013kx</string>
	</dict>
	<dict>
		<key>group name</key>
		<string>TRK enhancement</string>
		<key>keys</key>
		<string>Carrasco:1992vn,Traini:1987kx,Pearson:2001fk,Weinberg:1983bs</string>
	</dict>
	<dict>
		<key>group name</key>
		<string>Unitary Gas</string>
		<key>keys</key>
		<string>Morawetz:2010jl,Enss:2011uq,Domanski:2011vn</string>
	</dict>
</array>
</plist>
}}

@comment{BibDesk Smart Groups{
<?xml version="1.0" encoding="UTF-8"?>
<!DOCTYPE plist PUBLIC "-//Apple//DTD PLIST 1.0//EN" "http://www.apple.com/DTDs/PropertyList-1.0.dtd">
<plist version="1.0">
<array>
	<dict>
		<key>conditions</key>
		<array>
			<dict>
				<key>comparison</key>
				<integer>2</integer>
				<key>key</key>
				<string>BibTeX Type</string>
				<key>value</key>
				<string>book</string>
				<key>version</key>
				<string>1</string>
			</dict>
		</array>
		<key>conjunction</key>
		<integer>0</integer>
		<key>group name</key>
		<string>book</string>
	</dict>
	<dict>
		<key>conditions</key>
		<array>
			<dict>
				<key>comparison</key>
				<integer>8</integer>
				<key>key</key>
				<string>Date-Added</string>
				<key>value</key>
				<string>2015-11-16 00:00:00 -0500</string>
				<key>version</key>
				<string>1</string>
			</dict>
		</array>
		<key>conjunction</key>
		<integer>0</integer>
		<key>group name</key>
		<string>Smart Group</string>
	</dict>
</array>
</plist>
}}
